3900 6390
208 260 242 340 [ξό
388 215 391 220 *
732 263 776 323 bc
796 261 954 319 Civitati:
974 260 1040 327 bel,
1060 259 1090 317 S.
1110 259 1293 318 tbtbstntt
1808 253 1852 310 56.

208 368 352 441 expiicare,
366 370 388 447 si
403 381 506 444 potero.
522 371 589 429 [licit
600 373 768 442 deindealia,
780 384 804 431 et
819 375 857 429 sie
867 372 1001 429 concludit

209 463 280 519 lmoe
291 463 390 527 locutu,
404 474 433 517 ut
444 464 568 520 ostendat
577 465 712 521 veteribus
721 464 887 535 displicuisse
900 464 999 518 liuma-

209 555 260 610 nis.
273 551 314 607 rel
326 553 428 609 landari
439 570 597 626 quemquam
611 556 637 610 in
651 570 732 612 socna
748 557 837 610 tirum
851 554 997 618 bominem,

208 643 250 697 rel
265 641 419 715 vituperari.
433 645 497 716 Sed,
511 656 541 703 ιιι
551 647 617 716 diri,
632 648 683 704 boe
695 648 781 713 Gracci
796 663 946 721 quanquam
960 648 1000 702 in·

209 735 401 805 verecundius,
418 747 506 795 umen
521 736 724 796 corruenientlus
740 741 823 806 licere
837 741 998 814 uoluerunt,

208 837 269 878 omn
285 824 404 882 riderent
423 828 475 884 diis
496 830 552 885 suis
571 841 679 909 accepta
698 841 726 886 et
739 841 813 902 grata
827 845 888 887 esse
900 844 999 900 oppro-

209 913 284 982 bria,
314 932 367 1001 non
393 927 494 1003 ιιιιιιιιιι
515 921 673 988 bortrinum,
704 909 795 978 rerum
822 933 850 996 et
882 923 999 992 iptorum

208 1008 320 1080 oleorum
334 1010 360 1065 iu
384 1013 497 1070 scenicis
521 999 630 1090 iabrrlis;
642 1017 726 1087 sisea
741 1017 826 1086 poetis
845 1012 935 1071 essent
955 1014 999 1068 illa

208 1101 339 1170 conlicta,
356 1106 414 1161 siue
433 1106 529 1179 flagitia
543 1123 636 1164 eorum
650 1125 711 1163 vera
727 1119 1000 1165 commemorarentur

208 1201 235 1246 et
246 1205 389 1264 agerentur
403 1213 428 1252 tn
443 1198 570 1266 tbeatris,
590 1209 670 1272 atque
691 1201 726 1255 ab
743 1216 835 1256 eorum
855 1201 1001 1256 cultoribus

210 1275 310 1338 utinam
325 1286 383 1341 solo
396 1287 461 1351 risu,
477 1305 509 1345 ae
520 1305 572 1347 nen
585 1291 665 1346 etiam
679 1291 826 1347 imitatione
837 1290 915 1361 digna
928 1291 1001 1346 vide-

210 1383 311 1429 rentur.
333 1377 502 1436 Nimisenim
527 1384 673 1453 superbum
699 1383 768 1456 luit,
793 1382 869 1438 lamae
891 1397 1001 1452 parcere

208 1464 358 1535 principum
373 1467 488 1525 ciuitatis
508 1480 536 1527 et
553 1473 672 1540 ciuium,
695 1473 738 1528 ubi
753 1488 809 1529 suae
828 1471 907 1528 samae
928 1473 1001 1548 parci

210 1556 318 1611 nrtrrrina
331 1558 483 1638 noluerunt.

209 1705 321 1768 CAPUT
337 1712 370 1787 li.
382 1747 418 1757 -
428 1718 598 1800 Quonoecndi
607 1731 662 1775 orte
671 1722 796 1802 dornones
806 1721 927 1776 uelintael
934 1721 1002 1797 fetro

379 1807 451 1887 dere
466 1811 582 1877 ennena,
598 1813 707 1889 peluem
720 1813 829 1867 numeri.

243 1933 310 1990 Nam
323 1937 394 2006 quod
407 1939 517 2006 affertur
530 1957 579 2014 pro
590 1944 756 2010 defensione,
769 1960 822 2000 non
836 1945 880 2001 illa
894 1962 955 2015 uera
974 1946 1001 2002 in

208 2025 272 2083 riuos
294 2028 357 2098 dici,
373 2031 420 2088 scd
441 2032 507 2091 laisa
523 2046 602 2108 atqtre
615 2037 739 2114 mndata,
756 2038 869 2108 idipsum
882 2047 924 2094 est
944 2020 1002 2094 sce·

210 2117 311 2187 listins,
327 2115 488 2194 si'pietatem
503 2128 627 2184 consulas
638 2129 773 2200 roligionis
784 2148 792 2198 ;
805 2129 828 2185 si
840 2139 928 2186 autern
942 2145 999 2184 nra-

208 2208 290 2265 litiam
311 2210 462 2295 dromonum
477 2218 594 2288 cogites,
609 2221 672 2290 quiid
686 2222 800 2281 astutius
818 2222 852 2277 ad
866 2222 1001 2291 decipien-

207 2300 270 2357 dum
292 2312 371 2374 atque
392 2307 611 2387 callidiusllium
625 2312 695 2367 enim
711 2313 836 2383 probrum
856 2312 953 2383 jacitur
975 2313 1000 2366 in

208 2395 355 2479 principem
378 2400 469 2468 patriae
484 2402 584 2458 bonnm
605 2413 686 2474 atoue
708 2406 807 2469 utilem,
825 2421 914 2462 norrnc
928 2415 1001 2461 tanto

207 2494 249 2542 cst
269 2487 412 2574 indignius,
435 2503 534 2573 quanto
554 2497 696 2575 arcritate
719 2500 856 2561 renrntius,
872 2508 898 2554 ct
917 2517 931 2551 a
947 2500 1001 2576 rita

207 2574 278 2653 illius
294 2579 503 2652 alieniusiQuae
524 2587 604 2661 igitur
625 2590 754 2666 supplicia
776 2575 922 2657 snitieinot,
938 2607 999 2645 cum

208 2669 262 2725 beo
273 2670 303 2726 bt
312 2674 360 2728 ista
375 2684 428 2730 ιιιιι
441 2664 553 2762 treionis,
566 2689 618 2736 tum
632 2682 741 2752 insignis
754 2684 867 2753 injuria?
881 2669 1000 2758 [lilSed

207 2761 313 2847 utaligni
336 2766 453 2836 spiritus,
470 2785 537 2841 quos
552 2771 595 2827 isti
608 2772 674 2829 deos
691 2784 793 2845 putant,
807 2776 887 2831 etiam
902 2775 999 2846 flagitia

207 2867 266 2939 qum
281 2869 333 2910 non
346 2856 520 2925 admiserunt,
542 2862 576 2919 dc
587 2879 618 2921 sc
636 2864 687 2921 diei
706 2866 809 2934 volunt,
831 2866 895 2922 dum
911 2877 999 2925 tanmn

208 2943 337 3002 lrumanas
350 2958 452 3030 mentes
468 2952 509 3008 lris
529 2955 700 3024 opinionibus
714 2959 785 3013 uelut
798 2960 900 3015 retibus
920 2960 999 3015 indu·

207 3046 269 3111 cant
278 3037 297 3120 ¹,
306 3048 334 3093 ct
345 3040 377 3100 ad
390 3044 606 3113 praedestinatum
615 3051 771 3119 supplicium
780 3069 870 3108 secum
882 3053 997 3109 trainrnt:

207 3129 265 3212 pire
284 3130 405 3205 bumines
429 3136 478 3192 ista
503 3127 704 3207 commiserint,
728 3161 795 3213 qrros
818 3145 882 3200 deos
906 3145 997 3202 baberi

207 3221 321 3304 pandent
342 3227 386 3306 eui
400 3226 523 3302 humanis
536 3234 672 3289 erroribus
692 3237 816 3305 gandent,
841 3253 888 3307 pro
902 3240 997 3308 nuribus

207 3315 327 3392 scotiam
341 3318 469 3400 colendos
483 3322 555 3379 mille
578 3325 689 3400 nocendi
712 3326 874 3399 fallendique
897 3331 998 3386 artibus

207 3405 397 3492 interponunt:
413 3411 468 3467 sire
489 3400 568 3469 etiarn
591 3432 644 3471 nnn
668 3418 780 3473 nllornm
803 3397 939 3475 linmirnrnr
954 3421 998 3488 illa

208 3499 317 3569 erimina
340 3503 551 3573 vensiontium
566 3517 652 3593 tamen
668 3511 701 3565 de
721 3514 872 3569 numinibus
887 3515 948 3587 drrgi
964 3517 998 3579 li-

208 3591 301 3665 bentcr
314 3596 447 3665 accipiunt
461 3596 623 3678 lollaeissirui
647 3603 766 3678 spiritus,
790 3614 818 3660 ut
837 3606 869 3660 od
884 3595 997 3661 scelesta

207 3694 240 3765 pc
261 3685 346 3753 turpia
358 3691 544 3755 perpetranda,
560 3693 631 3746 uelut
645 3694 679 3748 ab
697 3695 754 3763 ipso
772 3697 840 3750 eoelo
856 3698 956 3753 traduci
972 3700 998 3753 in

208 3779 292 3826 terras
311 3775 375 3829 satis
396 3776 492 3847 idonea
515 3771 634 3837 rideatur
657 3785 807 3840 auctoritas.
830 3786 896 3842 Cum
920 3788 1000 3857 igitur

207 3860 293 3939 timrei
308 3865 398 3920 talium
409 3869 547 3925 nurrrinum
562 3887 654 3928 servos
666 3889 695 3928 se
707 3890 767 3946 esse
779 3879 917 3939 sentirent,
930 3880 999 3949 inter

208 3963 247 4032 tut
258 3965 283 4010 ct
295 3968 366 4012 tanta
378 3975 470 4034 eorum
483 3962 610 4028 theatrica
624 3953 763 4038 opprobrio
775 3971 936 4038 parcendum
946 3972 997 4026 sibi

207 4053 323 4135 gpnetis
345 4055 512 4112 nullomodo
535 4049 704 4130 putauerunt,
720 4064 764 4126 rel,
783 4065 833 4119 diis
847 4064 903 4119 suis
917 4068 997 4122 etiarn

207 4143 247 4221 eie
267 4146 429 4216 consimilari
449 4161 614 4221 appetentes,
640 4157 680 4210 vel
703 4166 851 4224 metuentes
865 4176 898 4214 ne
914 4160 998 4215 bone-

207 4235 315 4291 stiorem
331 4236 428 4294 lamam
452 4242 501 4311 ipsi
515 4244 685 4315 requirendo,
702 4256 729 4303 et
750 4249 790 4303 cis
804 4264 834 4305 sc
854 4250 904 4306 boc
918 4252 999 4319 inodo

207 4327 383 4406 preferendo,
400 4332 458 4405 illos
472 4332 505 4388 ad
519 4335 683 4393 iracundiam
697 4353 880 4410 provocarent.
999 4320 1002 4328 ⁴

206 4419 321 4483 esebi
339 4420 385 4485 Xi
398 4454 435 4464 -
447 4423 487 4479 De
500 4428 603 4482 scenicis
616 4431 686 4500 epod
700 4431 801 4488 Grecos
815 4435 840 4487 in
855 4435 999 4506 reipublicae

241 4512 486 4588 adertinirtrctionem
496 4520 611 4590 receptis,
623 4538 652 4575 eo
663 4524 730 4592 qnod
740 4526 881 4596 pioentorcs
894 4528 997 4581 deorum

241 4604 335 4682 briano
348 4607 379 4660 ub
391 4608 532 4685 bominibus
544 4624 729 4682 spernerentur.

241 4698 282 4754 td
295 4699 364 4754 banc
379 4705 590 4759 convenientiam
603 4707 727 4775 pertinet,
737 4709 808 4778 estod
819 4710 897 4782 etiam
908 4712 996 4765 sceni-

206 4803 253 4869 (φρ
271 4799 376 4847 actores
385 4793 539 4850 carumdem
553 4794 701 4853 bibulorum
718 4816 768 4854 non
783 4816 864 4871 parvo
884 4805 998 4860 civitatis

206 4879 308 4937 lionore
329 4882 422 4954 dignos
435 4886 619 4944 existimarunt
633 4891 654 4944 ¹.
669 4889 816 4960 Siquidem,
833 4894 902 4962 qtrod
924 4895 949 4948 in
965 4875 1001 4950 en

205 4987 312 5063 puroque
322 4973 358 5044 de
367 4977 512 5051 Republica
528 4981 598 5044 libro
607 4995 841 5051 commemoratur,
853 4995 879 5041 et
891 4985 997 5042 AEselri-

205 5079 254 5118 uns
267 5064 438 5141 Atbeniensis
451 5070 471 5135 ⁸,
487 5072 528 5127 vir
551 5072 802 5143 eloquentissimos,
828 5093 888 5132 cum
905 5078 996 5134 adole·

203 5168 283 5211 scens
309 5159 451 5237 tragedias
475 5163 659 5240 actitavisset,
687 5167 876 5239 rempublicam
901 5185 995 5240 capes·

237 5307 248 5352 t
263 5307 331 5360 vird.
344 5319 395 5360 am.
407 5318 455 5373 ιι,
471 5313 596 5369 imecurt.

236 5359 251 5429 ι,
265 5367 339 5446 tidem
351 5374 419 5438 editi,
429 5375 589 5450 ςίιιιιιιιιιιιιι
600 5379 688 5432 bonore
697 5381 725 5435 di
756 5398 783 5436 cr
792 5386 969 5445 romermunt.

237 5432 248 5466 ⁸
264 5439 289 5483 tn
299 5435 479 5498 ttsdcm'editts,
491 5439 612 5494 ,ειειιιιιιι
622 5442 681 5496 citis
694 5457 713 5495 A
731 5446 849 5500 roricone.

235 5516 273 5579 (ιι)
284 5524 319 5590 be
330 5519 441 5592 mscbitm
451 5521 475 5571 ld
483 5533 633 5586 compertum
646 5529 761 5579 etiamen
773 5529 899 5582 nlunrcno
906 5531 939 5582 de
949 5532 995 5583 de·

204 5589 260 5627 erun
272 5572 422 5643 bicoloribus,
435 5584 460 5632 in
471 5586 521 5634 rita
539 5588 663 5647 ffiselrinis,
682 5602 737 5652 pag.
750 5591 806 5650 iilo,
826 5593 880 5654 ear,
892 5595 934 5643 ubi
947 5598 996 5645 ari-

204 5638 309 5712 ttudetnl
326 5651 426 5716 quoqne¹
443 5647 561 5696 meminit.
582 5648 639 5698 tide
662 5653 850 5704 bernostbeoem
883 5664 944 5706 orat.
963 5658 995 5707 de

205 5713 314 5783 pronae
328 5713 352 5752 ι.
363 5703 475 5778 colpum,
487 5707 529 5758 lilr.
543 5709 580 5789 lt,
593 5723 642 5768 cap
656 5711 679 5760 9.
853 5689 860 5718 ’

1055 372 1116 426 sinit
1129 372 1184 442 (ol;
1200 381 1227 428 ct
1239 371 1452 439 Aristodemum,
1469 371 1598 443 tragicum
1619 370 1682 426 itcnr
1699 379 1817 436 actorem
1832 410 1841 438 ,
1864 383 1867 389 ·

1052 466 1175 521 maximis
1185 466 1218 520 de
1229 465 1309 521 rebus
1321 466 1393 536 pacis
1403 481 1434 520 ac
1446 465 1507 520 belli
1522 462 1678 535 legatumad
1691 461 1843 532 l‘bilippunr

1052 558 1228 634 litbenienscs
1241 574 1312 629 saepe
1327 559 1466 613 miserunt.
1480 557 1537 613 lt'nn
1547 558 1618 612 enirn
1631 565 1843 611 consentaneum

1052 650 1203 719 potabatur,
1217 665 1277 705 cum
1292 648 1399 722 easdem
1411 658 1482 704 artes
1495 648 1656 716 eosdemque
1671 645 1793 700 scenicos
1803 645 1844 699 lu·

1052 740 1101 794 dos
1114 739 1193 794 etiarn
1209 739 1260 795 diis
1272 739 1328 794 suis
1339 749 1464 809 acceptos
1478 737 1615 804 viderent,
1631 735 1702 801 iilos,
1715 750 1764 805 per
1775 749 1842 804 qnos

1052 839 1209 897 agerentur,
1224 827 1360 884 inlumium
1373 828 1432 887 leon
1445 844 1477 884 ae
1494 843 1605 883 nurnero
1619 828 1757 898 deputare.
1771 826 1843 899 [Kb]

1052 919 1115 976 lere
1134 920 1218 984 Greci
1236 923 1346 991 turpiter
1360 921 1481 992 quidem,
1502 921 1549 976 sed
1572 937 1637 998 sane
1651 921 1702 977 diis
1715 920 1770 976 suis
1782 934 1843 974 om·

1053 1012 1116 1066 trino
1139 1021 1326 1083 congruenter,
1342 1013 1385 1082 qrri
1400 1027 1450 1068 nee
1463 1013 1545 1068 vitam
1557 1013 1653 1066 ciuium
1671 1009 1842 1067 lacerandam

1053 1106 1148 1176 linguis
1161 1115 1297 1173 poetarum
1314 1115 1342 1160 et
1356 1106 1514 1160 histrionum
1530 1103 1687 1160 subtrahere
1697 1103 1755 1158 ansi
1767 1111 1842 1167 sum,

1052 1211 1067 1248 a
1091 1195 1188 1266 quibus
1208 1196 1352 1266 cernebant
1371 1196 1480 1250 deorum
1499 1196 1579 1251 ritant
1593 1195 1695 1251 eisdem
1713 1194 1778 1265 ipsis
1789 1193 1842 1248 diis

1052 1283 1201 1340 volentibus
1213 1293 1242 1362 et
1255 1285 1398 1346 libentibus
1410 1285 1483 1354 carpi
1494 1303 1501 1352 ;
1516 1294 1543 1339 et
1557 1286 1630 1355 ipsos
1643 1283 1780 1348 borsines,
1795 1299 1842 1353 pcr

1053 1389 1118 1446 qrros
1132 1375 1180 1430 ista
1195 1374 1221 1428 in
1237 1374 1348 1431 theatris
1361 1375 1517 1454 agebantur,
1531 1391 1590 1443 ιιιιιιι
1604 1375 1766 1442 numinibus,
1780 1374 1843 1445 quui·

1052 1467 1102 1538 bus
1116 1467 1214 1537 subditi
1228 1476 1312 1532 erant,
1327 1476 1402 1537 grata
1416 1483 1476 1524 csse
1488 1476 1678 1538 cognoverant,
1689 1482 1743 1522 non
1754 1466 1841 1521 solum

1053 1559 1161 1621 minime
1176 1557 1342 1629 spernendos
1357 1560 1381 1613 in
1397 1559 1513 1622 civitate,
1528 1560 1710 1613 verumetiam
1727 1557 1842 1614 maxime

1054 1650 1223 1727 honorandos
1239 1660 1371 1719 putarunt.
1386 1649 1454 1720 Quid
1467 1651 1537 1704 enirn
1549 1666 1637 1719 causae
1649 1650 1766 1720 reperire
1780 1665 1843 1720 pos·

1053 1748 1123 1806 sent,
1131 1756 1181 1796 eur
1191 1740 1342 1795 secerdotes
1353 1739 1524 1804 honorarent,
1534 1742 1593 1810 cruia
1604 1756 1708 1811 percos
1721 1740 1844 1810 victimas

1054 1831 1105 1887 diis
1125 1832 1301 1903 acceptabiles
1320 1831 1484 1896 ‹rllcrnbant;
1506 1840 1534 1886 et
1554 1833 1675 1888 sconiam
1697 1831 1845 1907 probrosos¹

1054 1923 1202 1989 baberent,
1217 1939 1265 1999 per
1279 1939 1344 1995 qnos
1366 1925 1438 1979 illam
1462 1923 1624 1999 volumtatem
1642 1924 1698 1978 sire
1712 1926 1845 1999 lronorrun

1053 2015 1104 2070 diis
1116 2005 1246 2082 exbiberi,
1258 2015 1417 2082 petentibus,
1432 2021 1469 2081 et,
1484 2014 1533 2068 nisi
1551 2016 1636 2076 lieret,
1651 2014 1840 2081 irascentibus,

1053 2121 1145 2162 eornm
1160 2105 1340 2161 admonitione
1352 2105 1522 2161 didicerant?
1534 2104 1601 2160 Cum
1618 2106 1765 2174 presertim
1788 2092 1842 2160 ltuss

1053 2198 1103 2253 beo
1118 2197 1167 2269 (o),
1178 2212 1257 2267 quern
1272 2196 1453 2266 hujuscemodi
1466 2212 1553 2251 rerum
1570 2196 1758 2266 peritissimum
1774 2213 1842 2266 pne·

1052 2289 1151 2355 dicant,
1175 2291 1282 2343 numina
1304 2288 1373 2351 bona
1388 2303 1403 2342 a
1416 2287 1568 2357 numinibus
1590 2288 1668 2346 malis
1687 2288 1736 2343 ista
1760 2288 1844 2365 etiam

1051 2380 1138 2436 cuitus
1149 2379 1301 2436 diversitate
1315 2379 1469 2448 distinguat,
1483 2389 1511 2433 ut
1523 2378 1608 2447 orales
1621 2378 1687 2434 deos
1700 2378 1840 2448 propitiari

1052 2473 1169 2542 cardilnrs
1183 2482 1210 2529 et
1223 2472 1342 2528 tristibus
1355 2471 1591 2543 supplicationibus
1609 2479 1731 2538 asserat;
1754 2472 1843 2528 bones

1052 2576 1139 2621 autern
1151 2566 1285 2636 obsequiis
1299 2566 1367 2620 laetis
1379 2575 1458 2636 atoue
1468 2565 1593 2634 jucundis
1607 2564 1712 2634 :qualia
1727 2573 1799 2632 sont,
1814 2575 1843 2621 ut

1052 2660 1109 2731 ipse
1126 2661 1172 2724 ait,
1185 2660 1250 2724 ludi,
1270 2660 1401 2730 cerneleia,
1417 2659 1578 2734 lectisternia
1592 2657 1640 2743 (b).
1665 2658 1740 2727 Quod
1756 2668 1845 2734 ιιιιιιιιι
1935 2698 1946 2713 .

1050 2753 1129 2824 quale
1142 2753 1186 2819 sit,
1200 2761 1303 2822 postea,
1315 2752 1337 2806 si
1355 2752 1423 2822 boris
1432 2749 1538 2822 iuverit,
1554 2750 1708 2820 diligentius
1720 2749 1842 2805 dissere-

1052 2861 1121 2901 mus.
1134 2843 1209 2900 Nune
1221 2844 1255 2898 ad
1269 2860 1323 2898 retu
1339 2851 1497 2913 praesentem
1509 2841 1579 2911 qnod
1591 2842 1696 2907 attinet,
1711 2841 1767 2896 sive
1780 2857 1842 2896 ora-

1050 2938 1129 2993 nibus
1143 2938 1230 2993 omnia
1241 2947 1364 3007 tanquam
1378 2935 1454 2992 bonis
1467 2935 1597 3006 perrarirte
1612 2934 1763 2990 tribuantur
1777 2933 1842 3008 (ne-

1050 3045 1102 3099 one
1123 3029 1193 3084 enim
1213 3043 1272 3083 esse
1287 3028 1364 3083 decet
1383 3028 1448 3082 deos
1469 3027 1563 3088 malos,
1584 3042 1644 3081 cum
1670 3027 1757 3095 potius
1772 3028 1842 3092 isti,

1050 3122 1111 3191 qnia
1124 3122 1131 3153 ¹
1144 3120 1272 3175 irnmundi
1294 3129 1356 3173 sunt
1368 3120 1485 3188 spiritus,
1505 3133 1599 3172 onmes
1613 3119 1666 3171 sint
1685 3117 1771 3188 mali),
1785 3119 1843 3174 sire

1050 3221 1122 3268 certa
1142 3211 1312 3276 discretione,
1333 3210 1402 3264 sieut
1413 3209 1528 3264 Labeoni
1543 3209 1628 3262 visino
1642 3217 1694 3274 est,
1710 3209 1762 3264 illis
1776 3210 1841 3275 iila,

1050 3306 1108 3361 istis
1138 3305 1187 3360 isla
1211 3304 1402 3361 distribuantur
1431 3302 1557 3371 ebenum
1574 3301 1841 3372 :competentissime

1050 3397 1135 3454 Graeci
1149 3405 1275 3466 utrosque
1296 3394 1397 3457 bonore
1415 3394 1509 3465 digitos
1523 3393 1622 3453 ducunt
1635 3396 1657 3460 ²,
1672 3401 1700 3450 et
1713 3393 1841 3449 sacerdo·

1051 3499 1101 3554 tes,
1117 3504 1164 3557 per
1185 3503 1252 3558 qrros
1272 3486 1386 3542 uictimae
1400 3487 1593 3552 ministrantur,
1608 3494 1636 3542 et
1648 3486 1779 3553 scenicos,
1793 3502 1843 3556 per

1050 3565 1117 3648 nuos
1130 3579 1182 3634 ludi
1197 3577 1375 3639 exhibentur:
1391 3578 1478 3632 nerei
1492 3577 1616 3631 omnibus
1630 3576 1682 3630 diis
1695 3578 1761 3642 suis,
1775 3578 1797 3632 si
1812 3586 1841 3632 et

1050 3669 1104 3734 ludi
1117 3668 1240 3722 omnibus
1253 3667 1321 3737 grati
1335 3674 1408 3731 sunt,
1423 3666 1477 3731 rel,
1492 3665 1562 3735 qrrod
1576 3677 1618 3720 est
1633 3665 1777 3736 indignius.
1799 3666 1842 3722 lris

1050 3759 1208 3830 ‹prrosbonos
1218 3766 1321 3827 putant,
1334 3757 1356 3811 si
1367 3756 1420 3812 ludi
1435 3757 1469 3814 ab
1480 3756 1520 3812 cis
1530 3756 1594 3811 solis
1604 3765 1737 3824 amantur,
1751 3756 1843 3813 lacere

1050 3853 1239 3908 cortuincautur
1254 3849 1387 3920 injuriam.

1050 3988 1163 4066 CAPUT
1182 3987 1240 4042 litt.
1256 4017 1290 4027 -
1311 3984 1385 4052 Quod
1406 3983 1514 4038 Romani
1540 3984 1678 4053 noscendo
1702 3984 1842 4038 libertatern

1087 4081 1165 4152 poetis
1177 4081 1202 4133 in
1217 4079 1339 4141 ltonrines,
1355 4093 1429 4147 quom
1448 4076 1570 4131 dederunt.
1580 4078 1607 4130 ira
1619 4077 1687 4142 deos,
1703 4076 1792 4130 arelius
1809 4075 1842 4131 dc

1085 4189 1122 4243 sc,
1136 4170 1252 4239 quamde
1263 4170 1312 4223 diit
1326 4169 1378 4223 ruit
1389 4169 1521 4223 terruerint.

1086 4284 1120 4359 dt
1135 4282 1257 4345 Romani,
1272 4283 1340 4336 sieut
1354 4281 1379 4335 in
1403 4280 1494 4335 iliade
1514 4280 1649 4348 republica
1663 4279 1844 4353 disputatione

1050 4377 1139 4447 Scipio
1152 4375 1289 4446 gloriatur,
1310 4373 1414 4443 probris
1430 4384 1457 4427 et
1478 4372 1581 4443 injuriis
1601 4384 1738 4443 poetarum
1753 4376 1843 4446 subje-

1049 4479 1119 4526 cbun
1133 4469 1212 4523 vitam
1227 4467 1376 4538 laniumque
1389 4467 1487 4523 babere
1500 4468 1652 4532 noluerunt,
1663 4467 1749 4538 capite
1761 4471 1841 4522 etiarn

1051 4560 1217 4632 plectendum
1231 4559 1381 4613 sancientes
1394 4557 1415 4624 ⁸,
1432 4558 1484 4612 tale
1498 4572 1603 4613 carmen
1614 4557 1729 4612 condere
1742 4558 1765 4611 si
1778 4559 1843 4630 quis¹

1049 4651 1168 4708 auderet.
1183 4649 1258 4717 Qusnd
1273 4665 1334 4720 erga
1357 4648 1506 4719 sequidem
1529 4646 1593 4701 satis
1608 4647 1719 4703 lroneste
1740 4650 1841 4703 tenuisti·

1050 4751 1166 4806 luerunt,
1189 4741 1236 4796 sed
1250 4756 1311 4811 erga
1324 4739 1390 4796 deos
1411 4755 1474 4805 suos
1496 4738 1611 4807 strperbe
1622 4747 1650 4794 et
1671 4738 1841 4809 irreligiose:

1050 4850 1116 4904 apricis
1129 4849 1189 4888 cum
1204 4833 1304 4888 seirent
1317 4847 1371 4886 non
1386 4829 1472 4891 solum
1488 4830 1630 4899 patienter,
1654 4845 1746 4885 rerum
1762 4831 1844 4892 etiarn

1081 4976 1089 5007 ¹
1108 4981 1132 5022 tn
1144 4979 1208 5026 llss..
1220 4969 1271 5035 nni.
1283 4996 1313 5006 -
1324 4970 1361 5031 sic
1372 4966 1563 5029 camedello.
1586 4973 1614 5015 ιι.

1081 5038 1091 5068 ¹
1111 5050 1162 5083 ass.
1184 5034 1233 5094 alii,
1245 5032 1334 5082 nonme
1351 5031 1457 5090 dimaon
1469 5029 1518 5085 alii.
1536 5026 1620 5077 nonni
1631 5027 1720 5077 ducunt
1735 5029 1845 5081 :omissa

1050 5110 1118 5154 roee,
1130 5096 1157 5146 dr·
1173 5107 1223 5145 noe.
1236 5120 1267 5130 -
1276 5092 1354 5142 nostri
1365 5091 1528 5153 nnrrnscripui,
1543 5089 1626 5140 bononi
1641 5086 1740 5160 dueum:
1751 5095 1780 5138 ιι.

1081 5162 1091 5193 ⁸
1109 5109 1175 5208 ring.
1190 5166 1238 5205 am.
1250 5162 1288 5204 Er.
1306 5161 1333 5204 ct
1343 5165 1419 5216 prope
1434 5165 1520 5201 omnes
1538 5158 1602 5210 tiss,
1614 5157 1775 5215 connecterem
1785 5163 1848 5218 ann-⁶

1048 5223 1151 5274 αἐιιιιιε
1162 5233 1177 5268 a
1223 5230 1255 5268 ue
1266 5216 1351 5272 verbo,
1361 5213 1510 5278 oleandum
1518 5226 1526 5272 ,·
1534 5226 1577 5275 pro
1588 5226 1636 5275 qrro
1645 5218 1709 5270 tor..
1721 5211 1845 5273 pimini.—

1048 5286 1127 5336 seriba
1136 5281 1202 5332 tls‘i
1244 5277 1334 5328 addidit
1344 5278 1408 5326 iuter
1420 5275 1497 5325 lineas
1507 5275 1617 5335 terbum,
1629 5272 1788 5339 plectendum.
1806 5281 1834 5322 ιι.

1092 5347 1118 5408 ιι)
1130 5345 1254 5393 labeones
1265 5340 1386 5390 exstitere
1404 5346 1464 5398 tres,
1482 5338 1544 5399 jnris
1560 5335 1638 5387 cirilis
1652 5336 1752 5385 scientia
1764 5334 1821 5383 clari
1835 5348 1842 5383 :

1048 5420 1061 5458 s
1104 5420 1168 5455 unus
1176 5404 1283 5453 omnium
1291 5400 1443 5449 doctissimus
1455 5400 1569 5450 Antistius
1580 5400 1667 5457 tabeo,
1679 5398 1719 5460 qni
1733 5401 1844 5467 euntem-

1047 5483 1104 5519 sare
1124 5471 1230 5530 augusto
1242 5465 1311 5521 vixit,
1324 5474 1371 5510 non
1381 5461 1443 5523 juris
1454 5462 1534 5519 modo,
1546 5461 1591 5512 scd
1602 5461 1676 5511 totins
1694 5464 1844 5519 antiquitatus

1073 5531 1220 5581 citissimus,
1237 5525 1270 5574 de
1280 5536 1329 5599 qno
1345 5522 1385 5571 bie
1396 5525 1551 5594 targustinus.
1569 5530 1603 5571 be
1616 5522 1703 5569 multam
1714 5519 1843 5589 sructorrius

1049 5607 1074 5643 ιιι
1087 5598 1203 5654 arrgosto,
1213 5599 1268 5697 ¹egit.
1280 5585 1327 5645 sl;
1340 5593 1364 5633 ι.
1376 5583 1474 5645 celiane,
1486 5584 1528 5634 lib.
1543 5585 1565 5645 l,
1575 5598 1626 5646 cap.
1647 5582 1685 5642 ιι),
1698 5589 1723 5631 et
1740 5577 1781 5629 lb.
1805 5577 1844 5648 la,

1047 5667 1118 5772 miii
1129 5653 1200 5775 ιἰθιῖξ
1211 5683 1253 5760 ιιι.
1266 5711 1290 5769 5.
1303 5721 1354 5773 nn·
1371 5710 1407 5783 rr.
