3900 6390
165 305 222 361 445

166 432 225 472 rttm
255 430 363 471 suorum
389 415 504 470 relevata
529 418 613 465 mater
637 407 781 476 auspiciis,
811 407 953 475 perniciter

166 487 309 542 ruivrdavit.
322 487 386 552 Qum
407 484 452 538 ubi
475 481 594 553 pervenit
605 477 792 548 Carthaginem
804 517 812 543 ,
826 491 953 553 situmque

166 568 256 612 nattam
280 557 306 611 in
329 558 385 624 ipso
405 555 467 607 vine
488 567 543 605 suae
564 550 676 605 articulo
697 549 809 617 positam
833 547 952 612 invcmt,

166 630 257 682 statim
278 637 382 681 sacrato
403 625 462 677 oleo
483 621 543 675 hlite
564 618 681 674 rtienthra
703 618 846 688 perunxit,
871 616 953 670 suda·

167 699 235 750 rium
267 712 371 764 qnoque
394 690 597 760 amplexamlum
623 691 722 758 pectori
748 686 865 742 tradidit.
894 686 953 752 Quo

167 767 255 830 laeto,
287 764 402 820 rediviva
427 762 536 831 liegetia
563 762 631 814 uteri
656 760 696 812 sni
723 766 798 826 partu
821 769 952 811 exonera·

168 849 213 898 ta,
238 836 323 890 uetari
348 834 446 888 mensis
471 835 588 901 ingressa
614 830 810 899 pregnantibus
835 825 955 880 mulieri·

151 941 153 945 ψ
168 908 216 961 hus
230 905 366 960 tremenda
379 904 477 957 ltrrnina
489 903 516 967 ¹,
531 901 564 955 ah
579 901 634 968 ipsa
648 900 741 952 rrirrrtis
753 899 845 967 regia,
860 910 953 951 rursus

167 977 240 1031 arii-is
260 987 301 1030 cst
321 975 444 1029 viudibus
466 973 595 1025 restituta.
615 970 660 1026 Sic
682 971 771 1038 itaque
793 983 843 1021 una
863 962 953 1020 lethali

166 1063 246 1101 terina
267 1047 425 1114 dispuncta,
450 1042 583 1096 archiatro
605 1040 707 1096 coelcsti
730 1038 848 1108 protinus
869 1038 952 1090 alteia

165 1116 283 1171 curanda
306 1116 431 1169 restabat.
453 1112 529 1180 Quod
551 1120 580 1165 ul
601 1110 762 1180 janrjamqne
784 1107 876 1168 steret,
901 1107 951 1160 lida

167 1196 253 1241 ttratcr
273 1185 358 1240 Vitula
380 1185 461 1238 hilam
484 1183 621 1237 liberatam
643 1181 675 1233 ad
697 1178 783 1232 ritulis
805 1179 883 1231 lentis
903 1191 951 1231 ve·

167 1274 249 1319 riarn,
273 1256 344 1311 unde
367 1269 445 1325 {egrae
470 1268 526 1307 suae
550 1252 671 1306 haustum
696 1250 804 1304 celeste
829 1247 950 1316 poculum

165 1327 310 1391 attulerat,
330 1325 522 1391 salubriterque
544 1323 692 1384 infuderat,
713 1334 802 1374 seeum
825 1317 952 1373 reducere

166 1397 299 1465 cupiebat.
322 1394 376 1450 Sed
397 1394 513 1448 nondum
536 1401 697 1460 recuperare
722 1391 791 1443 rires
812 1387 951 1456 liegetiae,

167 1475 228 1536 post
258 1467 373 1520 laborem
397 1463 552 1535 periculosae
577 1462 710 1517 enixionis
733 1474 808 1524 sue,
838 1461 951 1511 ahot-mn

168 1537 270 1592 itineris
280 1537 369 1592 subire
379 1535 495 1589 laborem
507 1533 614 1587 minime
625 1531 819 1600 permittebant.

203 1609 231 1662 5.
247 1608 348 1661 interea
361 1605 420 1671 tir,
441 1619 518 1660 socer
530 1614 555 1658 et
568 1613 643 1673 pater
665 1602 758 1669 puellae
771 1599 853 1653 itiitilu
865 1597 952 1652 adhuc

167 1679 281 1746 permoti
303 1677 329 1730 iu
351 1675 454 1730 laudem
475 1674 641 1740 beivcrique
661 1670 852 1739 ejusllartyris
874 1668 952 1743 primi

167 1747 201 1801 dc
223 1757 275 1802 tam
298 1745 442 1801 miserabili
462 1759 542 1798 cansa
563 1743 649 1806 uteri,
670 1756 773 1795 rursum
793 1755 898 1809 ieoeptre
917 1739 952 1794 ob

166 1818 287 1886 ejusdem
308 1817 451 1870 eutamlam
474 1815 601 1882 reliquam
622 1811 818 1874 valetudinem,
844 1811 867 1861 td
890 1820 950 1871 cst,

168 1889 255 1942 ritiosi
274 1887 329 1941 oris
352 1886 525 1955 pravitatem,
549 1884 591 1937 illa
614 1882 750 1936 lnnnimmr
771 1881 888 1935 romelia
909 1896 952 1934 cr-

167 1973 296 2027 roresque
325 1956 481 2019 consuiere,
514 1963 541 2007 et
567 1955 657 2022 longus
683 1966 771 2005 moras
803 1961 951 2017 tenipumm

167 2027 265 2082 trustra
286 2036 434 2082 conterere.
448 2024 568 2092 Namque
588 2039 673 2076 annus
692 2023 831 2090 integeret
851 2021 952 2088 aliquot

169 2099 224 2153 lere
247 2113 352 2152 menses
372 2095 471 2149 evoluti
493 2094 532 2148 sic
555 2105 639 2149 eraut.
656 2091 773 2146 Tandem
790 2090 875 2144 hdelis
895 2105 952 2142 ma-

167 2175 212 2221 ter
235 2168 338 2232 vitula,
360 2165 520 2220 archiatrum
544 2163 704 2232 quemdam,
727 2161 840 2215 Felicem
863 2159 951 2214 nomi·

168 2252 221 2300 nc,
237 2237 450 2305 Cartliagincusis
470 2235 602 2297 civitoth,
619 2232 800 2286 fidelissimum
826 2246 879 2299 prae
900 2246 952 2283 cae·

169 2309 232 2360 teris
253 2318 331 2376 atque
351 2307 463 2359 anticum
485 2306 579 2357 dumus
599 2317 673 2362 snae,
695 2301 845 2370 corrogavit
866 2299 898 2353 ad
921 2314 951 2354 se

168 2378 271 2444 ipsam,
293 2393 325 2431 ac
346 2391 426 2442 super
448 2375 559 2428 salutem
582 2374 663 2441 ipsius
687 2374 772 2425 urticae
793 2372 950 2424 obtestando

166 2449 342 2511 cottstrinxit,
364 2446 456 2500 dicens
473 2462 479 2497 :
495 2445 538 2499 Sic
558 2444 634 2497 uuiea
658 2443 709 2496 illia
731 2452 773 2495 tua
798 2442 887 2504 rivat;
903 2455 949 2509 po·

167 2515 253 2572 tostire
265 2516 351 2571 curari
364 2516 473 2586 liegetia
488 2515 520 2569 de
533 2513 647 2583 paralysi
659 2513 708 2567 ista
720 2552 728 2577 ,
742 2527 775 2564 att
795 2514 868 2564 ιιοιιι
881 2511 948 2565 'lurn

167 2588 211 2642 iile
228 2607 234 2640 :
251 2587 377 2642 l'ideiiter
397 2587 475 2648 dico,
491 2586 569 2638 liliam
593 2593 664 2636 tuam
686 2583 719 2636 de
739 2581 787 2635 hac
809 2597 887 2636 causa
901 2597 949 2651 pe·

167 2660 238 2712 nitus
258 2657 343 2712 curari
368 2671 419 2710 nun
443 2669 540 2723 posse,
555 2654 616 2722 quia
639 2653 678 2707 sic
700 2668 742 2706 me
757 2651 861 2705 voluisti
884 2667 949 2705 citri-

166 2729 306 2798 stringere.
329 2727 407 2794 ipsa,
431 2726 533 2792 inquit,
553 2727 676 2792 jttnctura
699 2722 773 2791 quasi
794 2723 883 2788 carri,
905 2721 949 2776 ubi

164 2800 220 2852 oris
245 2806 273 2853 et
298 2796 463 2851 maxillarum
488 2794 631 2849 retinacula
658 2792 777 2863 quaedam
809 2795 948 2846 continen-

167 2879 228 2931 tur,
250 2868 355 2922 exclusa
369 2875 438 2921 esta
454 2865 519 2919 locis
539 2864 603 2919 suis.
619 2860 666 2917 Cui
688 2861 852 2931 respondens
865 2871 949 2917 mater

168 2938 274 3002 l'itula,
294 2937 354 2991 hdei
375 2951 431 2989 suae
452 2933 593 2988 stabilitate
612 2930 739 2996 lundata,
759 2931 885 2985 ciirttinuo
907 2947 949 2987 re-

166 3010 226 3062 tulit
247 3008 338 3062 dicens
353 3024 361 3060 ι
377 3005 433 3076 Ego
455 3020 508 3058 non
529 3004 568 3058 sic
588 3003 669 3058 credo
690 3003 716 3056 in
738 3001 845 3056 Christo
866 3017 946 3068 meo,

163 3080 226 3147 qnia
247 3077 362 3132 stereliu
384 3085 460 3131 uetur
472 3074 524 3128 iiiia
537 3088 596 3129 mea
616 3074 641 3126 in
663 3073 713 3126 hoe
727 3081 799 3125 tanto
820 3073 948 3142 paralysis

165 3149 245 3202 niatu.
260 3152 295 3201 ht
314 3093 430 3201 tricilar
445 3145 595 3200 firmitatem
608 3142 685 3197 valde
704 3142 838 3196 admirans
859 3143 885 3196 itt
907 3142 948 3197 ie-

165 3219 235 3271 mina
252 3235 258 3269 :
276 3218 348 3280 lloe,
373 3216 475 3286 iuquit,
491 3212 664 3283 otnnipoteuti
680 3211 737 3266 beo
757 3211 819 3266 licet
839 3212 945 3278 lacere,

164 3289 206 3341 cui
228 3289 332 3351 credis;
354 3302 414 3341 nam
435 3285 500 3340 nihil
518 3299 610 3365 speres
627 3298 660 3338 ex
678 3281 764 3336 arihis.
785 3280 885 3346 Quibus
904 3297 947 3338 re·

165 3357 258 3425 ligiosa
280 3357 363 3411 llitula
376 3356 493 3422 auditis,
515 3354 625 3416 diruisse
639 3368 653 3404 a
668 3367 697 3406 sc
708 3351 840 3406 archiatro
851 3391 860 3418 ,
873 3368 947 3406 assu·

164 3442 241 3481 ruens
255 3442 345 3480 secum
365 3426 503 3496 liegetiam
524 3439 619 3489 suam,
632 3422 697 3476 adiit
717 3423 801 3475 rtrum
821 3436 898 3476 suum
920 3434 948 3478 et

165 3498 250 3549 virttm
264 3496 325 3550 title
338 3511 411 3556 suae,
433 3510 465 3549 ac
477 3494 521 3563 pio
540 3494 700 3548 inllammata
712 3491 804 3546 dolore
815 3531 823 3556 ,
836 3493 876 3547 sic
896 3490 946 3548 lari

163 3580 258 3619 exorsa
272 3576 313 3620 cst
328 3582 334 3618 ι
350 3565 554 3635 acquievimus,
569 3563 671 3632 iuquit,
694 3561 769 3615 tobis
786 3562 883 3616 misere
903 3578 946 3616 us·

162 3650 216 3704 que
228 3650 306 3699 nuric,
322 3651 371 3690 nce
385 3636 509 3690 resistere
521 3633 584 3688 viris
597 3633 721 3687 mulieres
733 3631 863 3686 valuimus
879 3650 886 3686 ε
901 3632 945 3688 diu

163 3715 264 3759 vestras
284 3707 438 3773 pertulimus
450 3705 617 3768 voluntates,
630 3718 665 3757 cx
677 3701 772 3771 quihus
784 3701 872 3757 nulhts
892 3700 947 3756 iru-

162 3787 222 3829 ctus
241 3776 333 3830 salutis
353 3775 433 3842 silice,
448 3774 534 3829 nulius
552 3773 631 3828 cessit
642 3771 770 3837 effectus,
793 3771 827 3825 ita
841 3779 946 3830 mecca

163 3860 211 3914 per
230 3860 327 3899 anitum
339 3854 367 3901 et
379 3853 450 3915 quot
469 3852 613 3900 excurrunt
632 3841 746 3911 amplius
759 3856 864 3897 meuses
876 3841 946 3897 inter

164 3930 257 3969 triarius
283 3916 444 3971 medicorum
468 3930 564 3984 corpus
587 3914 649 3968 litiae
672 3926 738 3967 mete
762 3912 945 3969 tantummodo

162 3985 304 4054 dirigetur,
318 4001 367 4041 nee
387 3986 515 4051 elmuino,
529 3986 598 4039 sicut
616 3982 729 4044 videtis,
743 3981 841 4051 aliquid
863 3982 944 4051 peril-

161 4056 257 4109 eiemio
280 4066 397 4110 sarremr.
413 4055 505 4126 liogo,
520 4053 660 4124 aliquando
684 4053 825 4121 permittite
845 4059 873 4107 et
893 4068 944 4107 uu·

163 4126 221 4189 his,
236 4135 263 4178 ιιι
282 4126 409 4181 faciamus
429 4136 456 4180 et
477 4139 526 4180 nos
538 4142 596 4195 qum
617 4123 761 4192 expediunt
783 4120 858 4175 nohis
874 4139 881 4175 ι
896 4120 944 4176 ea·¹

162 4211 221 4250 tuns
242 4205 269 4250 et
283 4211 331 4250 nos
351 4195 384 4250 ad
405 4196 535 4250 medicum
551 4204 679 4249 tmstrum.
693 4192 779 4247 Credo
800 4191 826 4244 in
847 4191 942 4258 illum,

160 4265 222 4334 quia
246 4266 290 4334 qui
315 4267 398 4321 noluit
421 4265 556 4335 liegetiam
578 4279 638 4319 cum
662 4278 711 4317 suo
736 4271 811 4330 partu
838 4272 943 4315 mortuo

163 4335 249 4399 muri,
269 4335 327 4404 ipse
345 4337 424 4389 etiam
446 4351 504 4389 earn
528 4335 606 4388 laciet
626 4347 690 4387 sano
712 4332 783 4386 cultu
805 4345 853 4385 suo
874 4331 943 4387 inter

161 4405 283 4460 lrrnnines
303 4405 464 4460 conversari.
487 4405 533 4459 llis
552 4414 631 4474 atque
651 4402 832 4472 hujuscemodi
851 4403 942 4469 queri·

160 4476 257 4529 ttioniis
281 4475 425 4544 deploratis
446 4473 525 4544 justis
550 4489 582 4528 ac
602 4474 691 4534 reris,
716 4485 880 4540 nequaquam
906 4470 941 4525 illi

162 4545 209 4598 viri
232 4546 275 4598 tali
297 4544 400 4599 sentinae
420 4546 489 4599 virili
511 4545 600 4597 attinio
619 4543 718 4596 indute
740 4541 877 4596 rainerum
898 4556 942 4595 re·

158 4615 263 4669 sistere.
293 4613 448 4670 lialuerunt
465 4624 559 4683 sponte
580 4613 694 4676 cedere,
723 4626 802 4680 quarti
825 4610 944 4679 quotibet

156 4685 211 4738 alio
219 4684 425 4754 judicanterieti
436 4685 581 4740 discedere.

194 4755 220 4807 ι.
248 4754 338 4809 Fiexis
356 4755 444 4826 itaque
462 4753 513 4808 iilis
534 4755 561 4808 in
581 4751 649 4808 hanc
667 4751 824 4806 seutentiam
850 4751 942 4808 matris

159 4823 274 4891 l'itnlae,
304 4825 400 4880 marito
422 4825 524 4881 scilieet
543 4824 675 4892 simulque
703 4830 780 4893 patre
801 4820 940 4891 liegetia,

157 4895 204 4947 scd
226 4896 320 4949 ritarito
333 4894 439 4965 quidem
458 4893 545 4950 adhuc
563 4909 684 4965 pagano,
734 4903 852 4947 trevere
870 4890 942 4945 chri·

157 4966 245 5017 stinno
262 4965 452 5020 catechumeno
465 4964 562 5021 ellectu
582 4965 689 5020 nuntinc
724 4963 817 5028 cirtio,
836 4971 943 5017 senato·

156 5034 204 5085 rire
226 5035 361 5102 ‹lignitatis
379 5038 435 5090 viro
457 5036 584 5106 (dignum
606 5044 647 5090 est
666 5042 696 5088 ιιι
714 5033 791 5102 cujus
812 5030 893 5088 iidem
914 5032 942 5087 in

156 5103 263 5158 Christo
289 5106 417 5172 ctepimus
438 5107 626 5173 pronuntiare,
652 5104 710 5174 ejus
731 5116 836 5172 quoque
862 5115 941 5157 voca·

159 5171 251 5253 bulum
276 5173 330 5244 jain
352 5175 509 5243 incipiamus
522 5191 584 5232 cutu
605 5176 695 5231 debito
715 5174 817 5227 horrore
842 5173 942 5240 pariter

156 5257 295 5324 tramittere
317 5259 323 5297 :
346 5245 390 5315 qui
409 5259 474 5299 sane
490 5245 713 5315 quemadmodum
733 5244 850 5298 initiatus
868 5242 942 5297 chri·

155 5320 243 5366 stratio
265 5313 374 5370 nomine
399 5315 494 5376 hierit,
516 5317 640 5385 quoniam
661 5315 736 5370 locus
755 5314 859 5368 videtur
882 5311 939 5368 exi·

154 5397 238 5464 gere,
266 5383 374 5438 mirrime
398 5399 448 5438 nos
472 5385 572 5456 pigebit
596 5385 712 5454 aperire.
734 5387 845 5452 Quando
869 5383 941 5438 euim

140 5453 279 5523 'religiosa
300 5453 406 5518 Vitula,
434 5456 551 5509 outtduut
568 5455 603 5510 de
621 5463 711 5524 partus
731 5455 848 5524 periculo
872 5452 941 5508 libo·

155 5532 211 5605 rata
231 5523 359 5605 liegetia,
379 5524 413 5579 ad
431 5525 552 5580 laticum
572 5523 619 5579 bei
638 5523 724 5579 luerat
745 5522 882 5593 proiecta,
905 5521 941 5577 ihi

155 5608 181 5648 ιιι
201 5608 258 5649 suis
276 5595 399 5664 precihus
417 5597 497 5651 etiem
516 5596 549 5652 de
567 5593 645 5666 hujus
659 5594 708 5650 viri
726 5595 766 5650 sui
782 5591 942 5649 venerabilis

188 5777 195 5804 ¹
214 5779 291 5833 rorte,
303 5772 394 5824 ιιιιιιιιιι.

830 295 929 350 tltttht
948 295 1125 352 ShCthlh’S

1741 301 1792 356 ste

1009 407 1163 461 credulitate
1186 408 1366 471 instruxerat,
1389 416 1418 460 ιιι
1439 407 1482 462 ille
1503 407 1666 463 imbueretur
1689 410 1740 465 lide
1762 428 1794 468 ae

1008 477 1115 532 nomine
1136 474 1291 531 christiano.
1313 477 1387 544 Quod
1409 492 1472 531 sane
1493 478 1580 533 eidem
1601 480 1644 533 illa
1665 481 1721 550 ipsa
1746 498 1796 534 no,

1006 558 1049 602 ete
1071 548 1115 600 tali
1133 556 1175 601 est
1187 546 1288 601 visione
1310 547 1463 601 revelatum.
1479 546 1540 602 Visa
1559 549 1709 621 estqttippe
1729 551 1796 607 sihi-

1006 625 1061 671 met
1084 617 1174 671 videre
1195 619 1268 684 juxta
1292 618 1375 684 ipsam
1401 617 1469 671 hcati
1494 617 1616 689 hlartyris
1640 619 1793 676 lletnuriam

1007 686 1061 742 duo
1084 687 1211 742 cerofaria
1235 688 1385 751 luminosa,
1407 688 1505 756 pariter
1526 688 1587 757 igne
1611 687 1793 756 flammantia,

1007 757 1156 826 ibidemque
1181 758 1322 811 assistente
1347 772 1436 811 secum
1463 770 1542 827 atque
1567 772 1711 829 apparente
1735 777 1794 815 rite·

1006 839 1107 881 morato
1120 826 1214 882 Pinnio
1227 828 1283 881 viro
1305 841 1374 890 suo,
1391 827 1496 882 sihimet
1507 829 1606 883 dictum
1626 831 1707 885 luisse
1724 849 1730 884 :
1747 831 1792 885 Vi·

1007 898 1079 964 tuia,
1094 896 1188 951 melius
1211 897 1281 951 lucet
1303 895 1460 951 cerularium
1483 907 1622 963 nostrum;
1639 901 1709 956 uude
1733 904 1793 956 volo

1005 968 1073 1022 scias
1097 982 1140 1021 me
1164 969 1284 1036 posuisse
1307 967 1361 1034 iam
1384 968 1501 1036 iugulos.
1526 968 1584 1034 Quo
1604 968 1662 1024 viso
1686 970 1813 1026 audito-'

1005 1054 1074 1106 rpite,
1092 1037 1212 1107 religiosa
1230 1037 1314 1091 l'itula
1336 1051 1430 1091 somno
1450 1038 1651 1108 expergefacta,
1666 1049 1694 1095 et
1715 1057 1793 1097 mane

1005 1106 1089 1178 lacta,¹
1106 1109 1225 1162 oratione
1244 1108 1383 1177 suppleta,
1399 1106 1450 1161 hoc
1472 1109 1557 1176 ipsum
1580 1111 1650 1180 quod
1673 1112 1698 1164 iu
1720 1128 1794 1165 sorti·

1006 1181 1046 1234 ms
1062 1178 1163 1232 viderat
1185 1178 1343 1247 quibusdam
1366 1178 1469 1232 ancillis
1485 1179 1529 1232 hei
1553 1193 1678 1235 enarrare
1700 1183 1788 1250 erepit

1005 1249 1039 1302 Et
1061 1250 1133 1317 prior
1155 1248 1210 1316 ipsa
1234 1249 1366 1302 suntnium
1387 1264 1464 1302 suum
1488 1250 1657 1316 interpretem
1682 1267 1789 1323 respons

1004 1319 1061 1384 dit,
1081 1318 1173 1372 dicens
1194 1319 1227 1371 ad
1250 1326 1410 1372 ittentoratas
1430 1319 1632 1374 circumstantes
1651 1321 1765 1391 virgines
1786 1340 1790 1375 t

1004 1389 1112 1444 Noverit
1133 1389 1263 1444 Sarictitas
1286 1398 1391 1448 vestra,
1414 1389 1476 1458 quia
1497 1390 1550 1444 cito
1572 1390 1679 1446 Pontius
1700 1393 1791 1448 credet

1005 1460 1031 1515 itt
1044 1460 1167 1520 Cltristo,
1183 1463 1251 1513 sicut
1272 1459 1377 1513 consido
1398 1458 1431 1513 dc
1443 1459 1548 1514 Christo
1570 1461 1717 1516 nacoliam
1741 1463 1792 1518 hoc

1003 1532 1127 1600 estquod
1149 1546 1196 1598 per
1215 1530 1347 1584 sornuimn
1360 1528 1424 1583 mihi
1437 1529 1593 1599 significavit
1606 1531 1696 1586 diceus
1711 1549 1718 1585 :
1736 1533 1791 1587 l'o·

1005 1600 1031 1653 lo
1052 1603 1138 1662 scias,
1156 1600 1237 1653 l'itnla
1251 1641 1258 1662 ,
1272 1600 1333 1669 quia
1357 1600 1429 1667 posui
1450 1600 1504 1668 jam
1524 1601 1648 1670 jugulos.
1663 1618 1716 1657 non
1738 1604 1791 1656 uti-

1004 1686 1056 1739 que
1087 1673 1136 1726 uisi
1164 1671 1213 1724 suh
1240 1671 1303 1739 jugo
1330 1670 1437 1725 cinisii.
1466 1670 1510 1725 Sic
1539 1685 1602 1740 ergo
1629 1670 1792 1728 honorabilis

1004 1740 1114 1796 Pontius
1136 1742 1265 1805 ellectus,
1291 1750 1319 1794 ut
1343 1740 1420 1805 dixi,
1447 1742 1561 1808 primum
1586 1741 1792 1799 cateclnunemrs

1004 1811 1163 1867 christianus
1186 1813 1305 1881 sequenti
1330 1825 1418 1876 atino,
1434 1809 1526 1864 lisdem
1551 1810 1644 1866 dicbus
1667 1815 1791 1882 qttiltnsa

1004 1883 1125 1951 religiosa
1142 1883 1226 1936 l'itula
1248 1883 1341 1936 heatus
1355 1881 1505 1949 Stephanus
1527 1897 1574 1950 pro
1597 1883 1683 1937 salute
1704 1884 1791 1938 tttariti

1003 1964 1101 2008 aeterrra
1112 1952 1197 2008 [iterat
1205 1950 1351 2023 exoratus).

1038 2025 1065 2078 5.
1085 2022 1153 2086 Sed,
1174 2033 1202 2077 ut
1222 2022 1311 2076 dicere
1331 2035 1485 2091 coeperam,
1507 2021 1731 2077 crtrtsentientihus
1752 2024 1791 2077 si-

1004 2092 1157 2148 bimetsiris
1172 2097 1243 2153 suis.
1265 2102 1349 2146 ntater
1371 2092 1455 2145 l'itula
1476 2108 1535 2144 cum
1552 2092 1661 2160 liegetia
1676 2108 1722 2145 sua
1740 2109 1790 2164 pa·

1003 2164 1068 2218 riter
1091 2164 1124 2219 de
1138 2164 1297 2233 Carthagine
1318 2161 1454 2232 proiectae,
1487 2165 1567 2218 ariter
1585 2162 1618 2215 ad
1637 2163 1789 2224 lienteriam

1002 2233 1072 2289 beati
1083 2235 1205 2304 Martyris
1215 2244 1402 2304 pervenerunt,
1415 2249 1446 2287 ac
1460 2178 1555 2289 ιιιιιιιιε
1565 2242 1626 2290 attic
1636 2245 1737 2292 sacrata
1750 2239 1789 2306 ip·

1002 2303 1058 2358 sius
1066 2305 1154 2360 limina
1164 2315 1312 2374 prostrata,
1323 2305 1366 2360 die
1374 2313 1504 2373 noctuque
1515 2304 1786 2375 detitesetcjulantcs,

1002 2376 1092 2430 cinere
1105 2385 1131 2430 et
1141 2376 1228 2431 cilicio
1246 2375 1416 2446 squallentes,
1433 2375 1493 2429 iude
1504 2375 1603 2429 nubiles
1617 2376 1722 2430 lemine
1736 2379 1786 2432 ho-

1002 2446 1087 2501 mines
1105 2462 1156 2500 uon
1171 2447 1375 2506 erubescentes,
1401 2456 1430 2498 ut
1452 2447 1504 2499 beo
1529 2457 1617 2500 essent
1635 2448 1786 2516 placentes,

1001 2528 1176 2586 susceperunt
1187 2517 1251 2571 iilud
1262 2515 1333 2586 quod
1342 2516 1441 2570 dictum
1458 2516 1483 2570 iu
1503 2516 1615 2570 Psalmis
1628 2518 1765 2573 audierant
1779 2535 1786 2575 ε

1001 2585 1117 2641 Fuerunt
1130 2588 1191 2641 milti
1204 2588 1322 2657 lucrpmoe
1336 2603 1396 2640 mete
1426 2586 1481 2639 unis
1493 2587 1533 2639 die
1542 2603 1572 2639 ec
1585 2597 1664 2653 ttoete,
1677 2589 1736 2640 ιιιιιιι
1748 2591 1788 2643 dt'-

1001 2658 1065 2710 citur
1080 2659 1142 2711 nrilri
1151 2659 1269 2727 quotidie,
1287 2655 1335 2711 ott
1345 2665 1381 2710 est
1421 2673 1463 2710 em
1482 2667 1538 2709 tunt
1556 2655 1641 2726 (reat.
1655 2673 1710 2714 att.
1724 2660 1787 2730 hl?

1001 2726 1106 2782 Etenim
1122 2744 1207 2797 neque
1219 2729 1268 2782 ista
1288 2727 1321 2781 de
1335 2727 1391 2795 ipsa
1405 2737 1492 2780 ritistra
1505 2726 1630 2796 reiigione
1642 2727 1785 2785 christiana

1000 2798 1051 2865 piis
1062 2808 1090 2853 et
1100 2800 1231 2853 nobilibus
1246 2796 1351 2852 leminis
1362 2796 1472 2850 deerant
1484 2796 1518 2850 ab
1532 2795 1675 2852 incredulis
1685 2798 1786 2868 impro-

1002 2870 1085 2935 peria,
1097 2870 1167 2923 urrde
1176 2877 1236 2922 ante
1248 2867 1389 2922 Dominum
1400 2866 1530 2921 debilibus
1541 2866 1659 2929 vocibus,
1675 2876 1703 2922 et
1713 2885 1785 2923 arua·

1001 2937 1047 3001 ris,
1064 2949 1092 2992 ut
1105 2939 1231 3007 scriptum
1244 2947 1294 3000 est,
1309 2938 1396 2991 verbis
1416 2938 1606 3002 memorabant,
1627 2949 1654 2991 et
1666 2937 1784 2996 ehurrde·

1000 3007 1064 3062 ham
1080 3023 1160 3080 snper
1179 3024 1209 3064 se
1228 3008 1343 3061 animam
1357 3021 1441 3060 suam.
1464 3007 1602 3061 Dicebatur
1620 3022 1732 3075 uariaque
1751 3013 1786 3062 ab

1000 3077 1114 3134 inimicis
1126 3079 1185 3133 hdei
1199 3088 1295 3132 nostre
1310 3095 1317 3130 ι
1330 3075 1378 3132 Ubi
1391 3085 1433 3131 est
1447 3075 1517 3130 heus
1537 3077 1640 3130 vester?
1654 3074 1780 3130 incimm-

1000 3148 1045 3202 hat
1061 3164 1125 3220 ergo
1140 3149 1224 3203 llitula
1248 3155 1333 3202 mater
1354 3146 1461 3200 auribus
1482 3146 1566 3199 Amici
1588 3147 1653 3199 Ilei:
1675 3148 1784 3203 Domine

999 3218 1143 3291 Stephane,
1157 3234 1218 3275 ecce
1228 3218 1324 3273 adduxi
1335 3216 1473 3284 liegetiarn
1485 3223 1556 3269 tuam
1566 3216 1599 3270 ad
1613 3227 1648 3281 te,
1664 3232 1742 3286 quam
1756 3230 1783 3272 tu

999 3289 1056 3358 ipse
1074 3291 1190 3345 liberasti
1209 3289 1243 3344 de
1259 3298 1353 3342 morte.
1369 3286 1424 3341 Nec
1436 3301 1485 3340 nos
1502 3286 1664 3354 ingaudium
1684 3287 1783 3342 inimici

999 3359 1084 3416 iecisti
1098 3363 1198 3425 venire,
1214 3375 1267 3413 nun
1281 3359 1387 3413 tradens
1398 3371 1445 3410 utts
1454 3356 1589 3410 inanimus
1604 3357 1782 3412 tribulantium

998 3446 1057 3497 nos,
1070 3433 1114 3502 qui
1126 3431 1269 3487 detrahunt
1288 3437 1316 3482 et
1334 3429 1474 3494 desperant
1495 3425 1528 3480 de
1547 3426 1651 3480 Christo
1670 3425 1783 3482 Domino

998 3500 1099 3566 ntist'ro,
1113 3511 1140 3557 et
1151 3501 1184 3556 de
1198 3509 1241 3564 tc,
1252 3500 1310 3569 ejus
1323 3496 1505 3552 tautohmico.
1518 3495 1582 3558 Fae,
1593 3511 1668 3565 rogo,
1682 3496 1723 3550 iac
1735 3498 1784 3552 ite·

998 3589 1055 3626 rum
1066 3574 1222 3628 erubescere
1231 3586 1278 3625 eos
1287 3569 1320 3623 de
1332 3577 1385 3623 tota
1398 3577 1425 3622 ct
1437 3566 1470 3621 de
1480 3565 1679 3636 plenahiegetiur
1688 3575 1738 3621 tue
1744 3583 1784 3621 sa·

998 3642 1062 3708 lute,
1077 3645 1146 3697 sicut
1161 3642 1215 3709 jam
1239 3640 1324 3696 iecisti
1342 3638 1500 3693 erubescere
1518 3651 1565 3692 eos
1585 3636 1619 3691 de
1637 3637 1695 3704 ejus
1714 3640 1781 3692 uteri

998 3712 1221 3783 periculosissimo
1233 3711 1333 3765 labore.
1348 3708 1405 3763 Non
1415 3707 1523 3762 omuino
1536 3706 1643 3761 delicies
1652 3706 1684 3760 ad
1696 3707 1782 3760 mino·

997 3797 1036 3849 ra,
1050 3784 1094 3854 qui
1107 3782 1250 3852 prestitisti
1263 3784 1373 3850 majora.
1385 3779 1460 3847 Quod
1475 3776 1583 3846 promisi
1596 3777 1654 3845 ejus
1665 3776 1722 3832 viro
1733 3793 1781 3846 pa,

996 3869 1064 3923 gatto
1082 3853 1115 3908 dc
1133 3862 1170 3919 te,
1187 3852 1267 3921 imple
1282 3859 1438 3920 propter-te.
1455 3847 1512 3902 Non
1535 3846 1711 3902 confundatur
1723 3863 1782 3903 uta·

996 3932 1037 3978 ter
1051 3924 1078 3978 in
1092 3924 1154 3988 hlia,
1186 3939 1226 3976 ute
1237 3920 1403 3990 presumpsit
1413 3920 1438 3972 itt
1452 3928 1487 3980 te,
1498 3933 1558 3986 quae
1572 3916 1689 3986 confugit
1699 3918 1731 3969 ad
1743 3927 1779 3972 tc.

995 3990 1074 4049 Certe
1087 4004 1115 4047 ιιι
1126 3939 1218 4047 ιιιιιΊιιι
1235 3992 1323 4046 cordis
1341 3990 1457 4044 umidum
1474 3987 1636 4041 credentium
1653 3987 1780 4056 uobisque

996 4063 1176 4118 insultantium
1189 4071 1306 4125 sanctur,
1320 4076 1351 4114 os
1363 4059 1422 4113 iiiire
1436 4067 1543 4112 curetur
1558 4075 1565 4110 ι
1579 4068 1606 4112 ct
1618 4064 1646 4110 ut
1659 4058 1780 4124 acquira-

996 4141 1039 4187 tur
1051 4134 1151 4188 sanitas
1165 4134 1260 4185 animae
1277 4131 1393 4192 illorum,
1413 4136 1553 4197 praestetur
1571 4127 1663 4196 puellae
1681 4128 1780 4183 sanitas

995 4204 1172 4257 membrorum
1182 4216 1300 4256 suorum.

1030 4275 1057 4328 6.
1068 4273 1175 4326 Talibus
1185 4273 1210 4325 in
1219 4270 1349 4340 ejusmodi
1361 4283 1467 4324 sensum
1476 4267 1553 4322 dictis
1565 4266 1780 4336 lacrymabilibus

995 4343 1148 4414 deploratis,
1168 4343 1278 4410 septima
1300 4340 1439 4395 transierat
1459 4338 1526 4401 dies,
1544 4352 1605 4392 cum
1624 4351 1687 4391 ecce
1702 4348 1780 4393 nocte

995 4415 1152 4482 intempesta
1167 4414 1286 4466 visitatur
1303 4427 1351 4480 per
1368 4424 1490 4464 somnum
1508 4407 1635 4477 liegetia,
1651 4407 1722 4461 ridet
1734 4424 1780 4474 ap·

995 4494 1130 4554 parentem
1149 4482 1198 4537 sibi
1220 4483 1268 4536 insi
1290 4496 1350 4535 nem
1368 4480 1453 4534 virum
1474 4480 1541 4544 risu,
1555 4476 1660 4532 diaconi
1681 4483 1777 4544 praete·

995 4561 1096 4609 rentem
1108 4553 1235 4608 habitum.
1252 4498 1297 4607 ilia
1309 4566 1369 4606 eum
1386 4565 1481 4620 rogare
1494 4549 1584 4618 cepit,
1604 4549 1675 4601 velut
1688 4563 1779 4615 quem-

993 4624 1055 4678 dam
1069 4624 1198 4678 medieum
1211 4623 1384 4692 spiritualem,
1399 4631 1428 4674 ιιι
1440 4633 1558 4675 ossuum
1573 4617 1725 4686 inspiceret,
1740 4627 1768 4670 ct

994 4695 1016 4748 si
1031 4694 1193 4764 dignaretur,
1215 4701 1330 4748 curaret.
1351 4691 1449 4746 Verum
1470 4690 1515 4743 ille
1535 4702 1596 4742 mox
1622 4695 1651 4740 ιιι
1671 4701 1702 4741 os
1721 4685 1779 4754 cjns

994 4764 1118 4834 inspexit,
1140 4764 1213 4818 ruho
1236 4778 1294 4818 eam
1316 4762 1393 4815 hilari
1413 4773 1559 4828 serenoque
1580 4757 1675 4811 intuitu
1696 4755 1778 4812 ait⁸=

995 4834 1123 4904 Equidem
1136 4835 1223 4889 adhuc
1237 4848 1267 4887 os
1281 4841 1354 4886 tuum
1365 4846 1417 4885 ιιοιι
1428 4841 1529 4884 rectum
1539 4843 1546 4893 ;
1558 4826 1604 4882 sed
1618 4840 1723 4881 sursum
1734 4841 1779 4880 us·

994 4907 1062 4976 pice.
1075 4914 1103 4960 et
1118 4905 1177 4959 ride
1188 4904 1252 4973 qnid
1263 4906 1355 4957 volitet
1364 4916 1444 4969 super
1456 4910 1536 4968 eapm
1548 4906 1632 4951 tuum.
1646 4897 1778 4950 Contiriuo

994 4977 1037 5031 ilia
1052 4991 1133 5044 super
1142 4976 1281 5042 seerigeus
1289 4975 1389 5028 ocultis.
1401 4970 1465 5023 vidit
1475 4977 1626 5038 serpentem
1637 4964 1779 5036 quemdam

993 5048 1158 5103 teterrimum
1177 5044 1256 5113 supra
1276 5057 1305 5096 se
1326 5055 1471 5111 pennarum
1492 5037 1777 5108 retttigiovuiitantcm,

994 5128 1072 5186 atque
1083 5116 1133 5169 huc
1144 5125 1171 5168 et
1183 5114 1245 5168 illuc
1255 5109 1547 5166 tortuosisaulraetibus
1556 5108 1734 5163 oberrantem.
1744 5110 1779 5159 lt

994 5186 1129 5258 pavefacta
1144 5184 1254 5254 liegetia
1267 5181 1385 5236 horribili
1401 5187 1623 5247 momtruosoque
1633 5178 1700 5238 visu,
1716 5177 1779 5231 insi·

993 5259 1052 5328 gnis
1063 5257 1132 5311 illius
1143 5256 1191 5309 viri
1203 5253 1387 5309 exhortatione
1397 5250 1527 5314 hrtnatur,
1542 5250 1574 5302 ad
1589 5251 1672 5317 ipsam
1685 5246 1777 5301 dicen·

995 5331 1028 5384 tis
1042 5343 1049 5380 :
1065 5327 1119 5381 hisi
1135 5325 1207 5394 prius
1224 5325 1302 5378 istunt
1316 5329 1466 5388 serpentem
1478 5318 1617 5383 occideris,
1628 5318 1715 5373 sartari
1726 5333 1778 5370 non

995 5401 1104 5468 poteris.
1115 5395 1168 5451 Sed
1179 5395 1232 5448 noli
1246 5404 1372 5457 innotuere,
1385 5391 1446 5445 lorti
1460 5390 1549 5444 animo
1557 5389 1593 5444 illi
1605 5387 1778 5457 congredere,

994 5479 1021 5524 et
1035 5469 1144 5522 onrriino
1161 5465 1309 5534 superabis.
1330 5465 1388 5528 Quo
1404 5460 1504 5524 audito,
1525 5459 1634 5530 liegetia
1649 5457 1708 5511 iidei
1725 5471 1779 5509 suae

994 5538 1091 5596 robore
1110 5540 1187 5592 etde
1207 5535 1272 5589 tanti
1291 5533 1469 5604 adiutorissui
1484 5539 1584 5588 armata
1605 5529 1777 5600 protectione,

1028 5699 1038 5733 ¹
1053 5694 1213 5765 sustellere.

1027 5761 1039 5794 ¹
1052 5765 1129 5820 rorte,
1140 5762 1246 5807 utttturts,
