<?xml version="1.0" encoding="UTF-8"?>
<!DOCTYPE html PUBLIC "-//W3C//DTD XHTML 1.0 Transitional//EN"
    "http://www.w3.org/TR/xhtml1/DTD/xhtml1-transitional.dtd">
<html xmlns="http://www.w3.org/1999/xhtml" xml:lang="en" lang="en">
 <head>
  <title>
</title>
<meta http-equiv="Content-Type" content="text/html;charset=utf-8" />
  <meta name='ocr-system' content='tesseract 3.04.00' />
  <meta name='ocr-capabilities' content='ocr_page ocr_carea ocr_par ocr_line ocrx_word'/>
</head>
<body>
  <div class='ocr_page' id='page_1' title='image "./sanctiaureliiau04augugoog/sanctiaureliiau04augugoog_0144.png"; bbox 0 0 3900 6390; ppageno 0'>
   <div class='ocr_carea' id='block_1_1' title="bbox 1737 233 1751 262">
    <p class='ocr_par' dir='ltr' id='par_1_1' title="bbox 1737 233 1751 262">
     <span class='ocr_line' id='line_1_1' title="bbox 1737 233 1751 262; baseline 0 0"><span class='ocrx_word' id='word_1_1' title='bbox 1737 233 1751 262; x_wconf 65' lang='grc' dir='ltr'>ί</span> 
     </span>
    </p>
   </div>
   <div class='ocr_carea' id='block_1_2' title="bbox 160 318 1793 383">
    <p class='ocr_par' dir='ltr' id='par_1_2' title="bbox 160 318 1793 383">
     <span class='ocr_line' id='line_1_2' title="bbox 160 318 1793 383; baseline 0.001 -1"><span class='ocrx_word' id='word_1_2' title='bbox 160 325 214 382; x_wconf 70' lang='grc'><strong>113</strong></span> <span class='ocrx_word' id='word_1_3' title='bbox 847 321 949 380; x_wconf 77' lang='grc' dir='ltr'><strong>ΗΒΕΙ1</strong></span> <span class='ocrx_word' id='word_1_4' title='bbox 967 319 1091 381; x_wconf 77' lang='lat' dir='ltr'><strong>NONUS·</strong></span> <span class='ocrx_word' id='word_1_5' title='bbox 1743 318 1793 383; x_wconf 67' lang='lat' dir='ltr'><strong>Sil</strong></span> 
     </span>
    </p>
   </div>
   <div class='ocr_carea' id='block_1_3' title="bbox 153 431 1807 1612">
    <p class='ocr_par' dir='ltr' id='par_1_3' title="bbox 153 431 1807 1612">
     <span class='ocr_line' id='line_1_3' title="bbox 153 431 1803 510; baseline 0 -19"><span class='ocrx_word' id='word_1_6' title='bbox 153 436 233 507; x_wconf 89' lang='lat' dir='ltr'><strong>gelos</strong></span> <span class='ocrx_word' id='word_1_7' title='bbox 255 431 363 510; x_wconf 86' lang='lat' dir='ltr'><strong>quidem</strong></span> <span class='ocrx_word' id='word_1_8' title='bbox 397 433 491 505; x_wconf 90' lang='lat' dir='ltr'><strong>partim</strong></span> <span class='ocrx_word' id='word_1_9' title='bbox 515 433 609 500; x_wconf 93' lang='lat' dir='ltr'><strong>bonos,</strong></span> <span class='ocrx_word' id='word_1_10' title='bbox 625 436 721 505; x_wconf 89' lang='lat' dir='ltr'><strong>partim</strong></span> <span class='ocrx_word' id='word_1_11' title='bbox 748 435 851 501; x_wconf 90' lang='lat' dir='ltr'><strong>malos,</strong></span> <span class='ocrx_word' id='word_1_12' title='bbox 879 451 950 491; x_wconf 90' lang='lat' dir='ltr'><strong>nnn·</strong></span> <span class='ocrx_word' id='word_1_13' title='bbox 1007 435 1269 500; x_wconf 86' lang='lat' dir='ltr'><strong>tuit.Sedinnotuit,</strong></span> <span class='ocrx_word' id='word_1_14' title='bbox 1283 452 1336 492; x_wconf 91' lang='lat' dir='ltr'><strong>non</strong></span> <span class='ocrx_word' id='word_1_15' title='bbox 1351 437 1420 493; x_wconf 86' lang='lat' dir='ltr'><strong>siem</strong></span> <span class='ocrx_word' id='word_1_16' title='bbox 1433 435 1542 507; x_wconf 82' lang='lat' dir='ltr'><strong>Angelis</strong></span> <span class='ocrx_word' id='word_1_17' title='bbox 1556 434 1665 500; x_wconf 88' lang='lat' dir='ltr'><strong>sanctis,</strong></span> <span class='ocrx_word' id='word_1_18' title='bbox 1683 435 1726 505; x_wconf 91' lang='lat' dir='ltr'><strong>qni</strong></span> <span class='ocrx_word' id='word_1_19' title='bbox 1740 437 1803 503; x_wconf 82' lang='lat' dir='ltr'><strong>ejus</strong></span> 
     </span>
     <span class='ocr_line' id='line_1_4' title="bbox 155 523 1797 608; baseline -0.001 -26"><span class='ocrx_word' id='word_1_20' title='bbox 155 541 240 596; x_wconf 82' lang='lat' dir='ltr'><strong>quam</strong></span> <span class='ocrx_word' id='word_1_21' title='bbox 269 528 334 580; x_wconf 80' lang='lat' dir='ltr'><strong>tere</strong></span> <span class='ocrx_word' id='word_1_22' title='bbox 366 523 451 580; x_wconf 83' lang='lat' dir='ltr'><strong>betros</strong></span> <span class='ocrx_word' id='word_1_23' title='bbox 485 525 621 602; x_wconf 82' lang='lat' dir='ltr'><strong>daemones</strong></span> <span class='ocrx_word' id='word_1_24' title='bbox 649 525 761 598; x_wconf 87' lang='lat' dir='ltr'><strong>legimus</strong></span> <span class='ocrx_word' id='word_1_25' title='bbox 789 545 796 581; x_wconf 91' lang='lat'>:</span> <span class='ocrx_word' id='word_1_26' title='bbox 822 526 870 583; x_wconf 91' lang='lat' dir='ltr'><strong>sed</strong></span> <span class='ocrx_word' id='word_1_27' title='bbox 897 527 955 584; x_wconf 85' lang='lat' dir='ltr'><strong>ubi·</strong></span> <span class='ocrx_word' id='word_1_28' title='bbox 1007 527 1150 583; x_wconf 81' lang='lat' dir='ltr'><strong>scettndum</strong></span> <span class='ocrx_word' id='word_1_29' title='bbox 1164 527 1191 583; x_wconf 92' lang='lat' dir='ltr'><strong>id</strong></span> <span class='ocrx_word' id='word_1_30' title='bbox 1206 527 1277 600; x_wconf 95' lang='lat' dir='ltr'><strong>quod</strong></span> <span class='ocrx_word' id='word_1_31' title='bbox 1286 528 1332 584; x_wconf 82' lang='lat' dir='ltr'><strong>liei</strong></span> <span class='ocrx_word' id='word_1_32' title='bbox 1340 527 1455 584; x_wconf 82' lang='lat' dir='ltr'><strong>Verbum</strong></span> <span class='ocrx_word' id='word_1_33' title='bbox 1464 538 1515 595; x_wconf 90' lang='lat' dir='ltr'><strong>cst,</strong></span> <span class='ocrx_word' id='word_1_34' title='bbox 1523 526 1679 608; x_wconf 80' lang='lat' dir='ltr'><strong>participata</strong></span> <span class='ocrx_word' id='word_1_35' title='bbox 1688 527 1797 585; x_wconf 77' lang='lat' dir='ltr'><strong>aeterni,-</strong></span> 
     </span>
     <span class='ocr_line' id='line_1_5' title="bbox 161 615 1807 691; baseline -0.004 -14"><span class='ocrx_word' id='word_1_36' title='bbox 161 633 276 688; x_wconf 87' lang='lat' dir='ltr'><strong>eumqne</strong></span> <span class='ocrx_word' id='word_1_37' title='bbox 307 616 414 673; x_wconf 85' lang='lat' dir='ltr'><strong>illarum</strong></span> <span class='ocrx_word' id='word_1_38' title='bbox 444 615 605 673; x_wconf 76' lang='lat' dir='ltr'><strong>Litterarum</strong></span> <span class='ocrx_word' id='word_1_39' title='bbox 631 617 684 673; x_wconf 89' lang='lat' dir='ltr'><strong>ltoo</strong></span> <span class='ocrx_word' id='word_1_40' title='bbox 710 632 808 674; x_wconf 89' lang='lat' dir='ltr'><strong>nornen</strong></span> <span class='ocrx_word' id='word_1_41' title='bbox 841 621 953 690; x_wconf 90' lang='lat' dir='ltr'><strong>positum</strong></span> <span class='ocrx_word' id='word_1_42' title='bbox 1007 627 1061 673; x_wconf 91' lang='lat' dir='ltr'><strong>tate</strong></span> <span class='ocrx_word' id='word_1_43' title='bbox 1076 617 1246 688; x_wconf 79' lang='lat' dir='ltr'><strong>perfruuntur</strong></span> <span class='ocrx_word' id='word_1_44' title='bbox 1262 616 1314 691; x_wconf 77' lang='lat' dir='ltr'><strong>(n);</strong></span> <span class='ocrx_word' id='word_1_45' title='bbox 1329 618 1376 674; x_wconf 90' lang='lat' dir='ltr'><strong>sed</strong></span> <span class='ocrx_word' id='word_1_46' title='bbox 1398 617 1518 673; x_wconf 88' lang='lat' dir='ltr'><strong>sicutcis</strong></span> <span class='ocrx_word' id='word_1_47' title='bbox 1533 616 1664 673; x_wconf 79' lang='lat' dir='ltr'><strong>terrendis</strong></span> <span class='ocrx_word' id='word_1_48' title='bbox 1692 615 1807 691; x_wconf 24' lang='lat' dir='ltr'><strong>initote·-</strong></span> 
     </span>
     <span class='ocr_line' id='line_1_6' title="bbox 161 706 1799 781; baseline -0.001 -18"><span class='ocrx_word' id='word_1_49' title='bbox 161 709 314 778; x_wconf 87' lang='lat' dir='ltr'><strong>reperitur,</strong></span> <span class='ocrx_word' id='word_1_50' title='bbox 337 709 394 765; x_wconf 85' lang='lat' dir='ltr'><strong>siro</strong></span> <span class='ocrx_word' id='word_1_51' title='bbox 415 710 569 778; x_wconf 80' lang='lat' dir='ltr'><strong>daemones,</strong></span> <span class='ocrx_word' id='word_1_52' title='bbox 584 710 641 767; x_wconf 84' lang='lat' dir='ltr'><strong>sive</strong></span> <span class='ocrx_word' id='word_1_53' title='bbox 662 708 794 767; x_wconf 78' lang='lat' dir='ltr'><strong>daemonia</strong></span> <span class='ocrx_word' id='word_1_54' title='bbox 818 711 954 776; x_wconf 85' lang='lat' dir='ltr'><strong>dieantur,</strong></span> <span class='ocrx_word' id='word_1_55' title='bbox 1006 708 1132 764; x_wconf 86' lang='lat' dir='ltr'><strong>scendum</strong></span> <span class='ocrx_word' id='word_1_56' title='bbox 1147 708 1196 763; x_wconf 84' lang='lat' dir='ltr'><strong>luit</strong></span> <span class='ocrx_word' id='word_1_57' title='bbox 1206 749 1214 775; x_wconf 92' lang='lat'><strong>,</strong></span> <span class='ocrx_word' id='word_1_58' title='bbox 1226 725 1257 763; x_wconf 80' lang='lat' dir='ltr'><strong>cr</strong></span> <span class='ocrx_word' id='word_1_59' title='bbox 1271 723 1382 780; x_wconf 91' lang='lat' dir='ltr'><strong>quornm</strong></span> <span class='ocrx_word' id='word_1_60' title='bbox 1392 709 1526 781; x_wconf 78' lang='lat' dir='ltr'><strong>tyrannica</strong></span> <span class='ocrx_word' id='word_1_61' title='bbox 1540 706 1738 779; x_wconf 93' lang='lat' dir='ltr'><strong>quodammodo</strong></span> <span class='ocrx_word' id='word_1_62' title='bbox 1750 722 1799 777; x_wconf 93' lang='lat' dir='ltr'><strong>pn·</strong></span> 
     </span>
     <span class='ocr_line' id='line_1_7' title="bbox 161 796 1800 873; baseline 0.003 -22"><span class='ocrx_word' id='word_1_63' title='bbox 161 796 270 852; x_wconf 83' lang='lat' dir='ltr'><strong>nonnisi</strong></span> <span class='ocrx_word' id='word_1_64' title='bbox 278 799 384 869; x_wconf 90' lang='lat' dir='ltr'><strong>maligni</strong></span> <span class='ocrx_word' id='word_1_65' title='bbox 394 799 576 872; x_wconf 81' lang='lat' dir='ltr'><strong>stgntlcamm</strong></span> <span class='ocrx_word' id='word_1_66' title='bbox 584 799 702 872; x_wconf 89' lang='lat' dir='ltr'><strong>spiritus.</strong></span> <span class='ocrx_word' id='word_1_67' title='bbox 712 801 822 856; x_wconf 83' lang='lat' dir='ltr'><strong>Etltarrc</strong></span> <span class='ocrx_word' id='word_1_68' title='bbox 831 801 956 872; x_wconf 90' lang='lat' dir='ltr'><strong>loquendi</strong></span> <span class='ocrx_word' id='word_1_69' title='bbox 1007 812 1101 860; x_wconf 88' lang='lat' dir='ltr'><strong>testate</strong></span> <span class='ocrx_word' id='word_1_70' title='bbox 1113 802 1198 859; x_wconf 87' lang='lat' dir='ltr'><strong>iuerat</strong></span> <span class='ocrx_word' id='word_1_71' title='bbox 1211 803 1369 859; x_wconf 75' lang='lat' dir='ltr'><strong>liberaturus</strong></span> <span class='ocrx_word' id='word_1_72' title='bbox 1391 802 1593 873; x_wconf 80' lang='lat' dir='ltr'><strong>predestinatos</strong></span> <span class='ocrx_word' id='word_1_73' title='bbox 1608 801 1635 856; x_wconf 94' lang='lat' dir='ltr'><strong>in</strong></span> <span class='ocrx_word' id='word_1_74' title='bbox 1655 816 1732 856; x_wconf 91' lang='lat' dir='ltr'><strong>suum</strong></span> <span class='ocrx_word' id='word_1_75' title='bbox 1757 816 1800 856; x_wconf 85' lang='lat' dir='ltr'><strong>re·</strong></span> 
     </span>
     <span class='ocr_line' id='line_1_8' title="bbox 163 887 1799 970; baseline 0.002 -26"><span class='ocrx_word' id='word_1_76' title='bbox 163 887 385 946; x_wconf 86' lang='lat' dir='ltr'><strong>cousuetudinem</strong></span> <span class='ocrx_word' id='word_1_77' title='bbox 400 892 426 946; x_wconf 90' lang='lat' dir='ltr'><strong>in</strong></span> <span class='ocrx_word' id='word_1_78' title='bbox 441 901 544 948; x_wconf 69' lang='lat' dir='ltr'><strong>tant-um</strong></span> <span class='ocrx_word' id='word_1_79' title='bbox 558 892 650 965; x_wconf 92' lang='lat' dir='ltr'><strong>populi</strong></span> <span class='ocrx_word' id='word_1_80' title='bbox 670 908 860 966; x_wconf 75' lang='lat' dir='ltr'><strong>usquequaque</strong></span> <span class='ocrx_word' id='word_1_81' title='bbox 872 894 956 950; x_wconf 88' lang='lat' dir='ltr'><strong>secuti</strong></span> <span class='ocrx_word' id='word_1_82' title='bbox 1007 913 1088 970; x_wconf 90' lang='lat' dir='ltr'><strong>gnum</strong></span> <span class='ocrx_word' id='word_1_83' title='bbox 1102 906 1130 954; x_wconf 87' lang='lat' dir='ltr'><strong>et</strong></span> <span class='ocrx_word' id='word_1_84' title='bbox 1140 897 1250 969; x_wconf 90' lang='lat' dir='ltr'><strong>gloriam</strong></span> <span class='ocrx_word' id='word_1_85' title='bbox 1263 911 1369 967; x_wconf 90' lang='lat' dir='ltr'><strong>semper</strong></span> <span class='ocrx_word' id='word_1_86' title='bbox 1380 909 1500 952; x_wconf 77' lang='lat' dir='ltr'><strong>veracem</strong></span> <span class='ocrx_word' id='word_1_87' title='bbox 1515 903 1542 950; x_wconf 89' lang='lat' dir='ltr'><strong>et</strong></span> <span class='ocrx_word' id='word_1_88' title='bbox 1555 893 1685 951; x_wconf 85' lang='lat' dir='ltr'><strong>veraciter</strong></span> <span class='ocrx_word' id='word_1_89' title='bbox 1699 893 1799 962; x_wconf 90' lang='lat' dir='ltr'><strong>sempi-</strong></span> 
     </span>
     <span class='ocr_line' id='line_1_9' title="bbox 161 981 1800 1058; baseline 0.002 -23"><span class='ocrx_word' id='word_1_90' title='bbox 161 988 238 1045; x_wconf 89' lang='lat' dir='ltr'><strong>snnt,</strong></span> <span class='ocrx_word' id='word_1_91' title='bbox 252 987 281 1036; x_wconf 93' lang='lat' dir='ltr'><strong>nt</strong></span> <span class='ocrx_word' id='word_1_92' title='bbox 293 993 386 1036; x_wconf 87' lang='lat' dir='ltr'><strong>eorum</strong></span> <span class='ocrx_word' id='word_1_93' title='bbox 397 982 477 1038; x_wconf 92' lang='lat' dir='ltr'><strong>etiam</strong></span> <span class='ocrx_word' id='word_1_94' title='bbox 489 984 534 1055; x_wconf 96' lang='lat' dir='ltr'><strong>qui</strong></span> <span class='ocrx_word' id='word_1_95' title='bbox 549 983 648 1057; x_wconf 87' lang='lat' dir='ltr'><strong>Pagani</strong></span> <span class='ocrx_word' id='word_1_96' title='bbox 660 985 837 1056; x_wconf 88' lang='lat' dir='ltr'><strong>appellantur,</strong></span> <span class='ocrx_word' id='word_1_97' title='bbox 851 993 878 1040; x_wconf 92' lang='lat' dir='ltr'><strong>et</strong></span> <span class='ocrx_word' id='word_1_98' title='bbox 891 984 957 1042; x_wconf 83' lang='lat' dir='ltr'><strong>dees</strong></span> <span class='ocrx_word' id='word_1_99' title='bbox 1006 999 1121 1045; x_wconf 88' lang='lat' dir='ltr'><strong>temam.</strong></span> <span class='ocrx_word' id='word_1_100' title='bbox 1137 987 1253 1043; x_wconf 90' lang='lat' dir='ltr'><strong>innotuit</strong></span> <span class='ocrx_word' id='word_1_101' title='bbox 1272 1002 1336 1058; x_wconf 85' lang='lat' dir='ltr'><strong>erqo</strong></span> <span class='ocrx_word' id='word_1_102' title='bbox 1347 984 1530 1052; x_wconf 75' lang='lat' dir='ltr'><strong>demonibus,</strong></span> <span class='ocrx_word' id='word_1_103' title='bbox 1557 999 1610 1040; x_wconf 93' lang='lat' dir='ltr'><strong>non</strong></span> <span class='ocrx_word' id='word_1_104' title='bbox 1624 998 1671 1056; x_wconf 90' lang='lat' dir='ltr'><strong>per</strong></span> <span class='ocrx_word' id='word_1_105' title='bbox 1689 983 1715 1038; x_wconf 91' lang='lat' dir='ltr'><strong>id</strong></span> <span class='ocrx_word' id='word_1_106' title='bbox 1728 981 1800 1054; x_wconf 93' lang='lat' dir='ltr'><strong>quod</strong></span> 
     </span>
     <span class='ocr_line' id='line_1_10' title="bbox 162 1074 1798 1147; baseline 0.001 -19"><span class='ocrx_word' id='word_1_107' title='bbox 162 1074 587 1135; x_wconf 82' lang='lat' dir='ltr'><strong>multosacdaemenescolendes</strong></span> <span class='ocrx_word' id='word_1_108' title='bbox 599 1081 846 1147; x_wconf 88' lang='lat' dir='ltr'><strong>essecontendunt‚</strong></span> <span class='ocrx_word' id='word_1_109' title='bbox 868 1080 956 1137; x_wconf 90' lang='lat' dir='ltr'><strong>nulius</strong></span> <span class='ocrx_word' id='word_1_110' title='bbox 1008 1089 1048 1134; x_wconf 85' lang='lat' dir='ltr'><strong>cst</strong></span> <span class='ocrx_word' id='word_1_111' title='bbox 1061 1079 1114 1135; x_wconf 82' lang='lat' dir='ltr'><strong>nita</strong></span> <span class='ocrx_word' id='word_1_112' title='bbox 1128 1089 1242 1147; x_wconf 84' lang='lat' dir='ltr'><strong>aeterna,</strong></span> <span class='ocrx_word' id='word_1_113' title='bbox 1256 1089 1283 1135; x_wconf 94' lang='lat' dir='ltr'><strong>et</strong></span> <span class='ocrx_word' id='word_1_114' title='bbox 1297 1079 1386 1134; x_wconf 82' lang='lat' dir='ltr'><strong>lumen</strong></span> <span class='ocrx_word' id='word_1_115' title='bbox 1409 1075 1625 1134; x_wconf 83' lang='lat' dir='ltr'><strong>incommutabile</strong></span> <span class='ocrx_word' id='word_1_116' title='bbox 1646 1075 1717 1146; x_wconf 92' lang='lat' dir='ltr'><strong>quod</strong></span> <span class='ocrx_word' id='word_1_117' title='bbox 1738 1076 1798 1130; x_wconf 87' lang='lat' dir='ltr'><strong>illu·</strong></span> 
     </span>
     <span class='ocr_line' id='line_1_11' title="bbox 163 1164 1798 1242; baseline 0.001 -22"><span class='ocrx_word' id='word_1_118' title='bbox 163 1164 222 1221; x_wconf 84' lang='lat' dir='ltr'><strong>iere</strong></span> <span class='ocrx_word' id='word_1_119' title='bbox 235 1167 271 1221; x_wconf 89' lang='lat' dir='ltr'><strong>sit</strong></span> <span class='ocrx_word' id='word_1_120' title='bbox 284 1178 337 1222; x_wconf 91' lang='lat' dir='ltr'><strong>tam</strong></span> <span class='ocrx_word' id='word_1_121' title='bbox 351 1168 483 1225; x_wconf 89' lang='lat' dir='ltr'><strong>litteratus</strong></span> <span class='ocrx_word' id='word_1_122' title='bbox 502 1169 647 1237; x_wconf 87' lang='lat' dir='ltr'><strong>etdoetns,</strong></span> <span class='ocrx_word' id='word_1_123' title='bbox 664 1173 710 1242; x_wconf 92' lang='lat' dir='ltr'><strong>qui</strong></span> <span class='ocrx_word' id='word_1_124' title='bbox 727 1172 823 1228; x_wconf 86' lang='lat' dir='ltr'><strong>audeat</strong></span> <span class='ocrx_word' id='word_1_125' title='bbox 838 1173 864 1226; x_wconf 87' lang='lat' dir='ltr'><strong>in</strong></span> <span class='ocrx_word' id='word_1_126' title='bbox 880 1171 958 1227; x_wconf 92' lang='lat' dir='ltr'><strong>laude</strong></span> <span class='ocrx_word' id='word_1_127' title='bbox 1009 1173 1094 1228; x_wconf 90' lang='lat' dir='ltr'><strong>minat</strong></span> <span class='ocrx_word' id='word_1_128' title='bbox 1115 1174 1182 1242; x_wconf 92' lang='lat' dir='ltr'><strong>pios,</strong></span> <span class='ocrx_word' id='word_1_129' title='bbox 1210 1172 1252 1228; x_wconf 90' lang='lat' dir='ltr'><strong>eui</strong></span> <span class='ocrx_word' id='word_1_130' title='bbox 1265 1171 1378 1227; x_wconf 86' lang='lat' dir='ltr'><strong>ridendo</strong></span> <span class='ocrx_word' id='word_1_131' title='bbox 1392 1186 1439 1242; x_wconf 88' lang='lat' dir='ltr'><strong>per</strong></span> <span class='ocrx_word' id='word_1_132' title='bbox 1452 1169 1542 1237; x_wconf 89' lang='lat' dir='ltr'><strong>iidem,</strong></span> <span class='ocrx_word' id='word_1_133' title='bbox 1566 1183 1625 1240; x_wconf 82' lang='lat' dir='ltr'><strong>qum</strong></span> <span class='ocrx_word' id='word_1_134' title='bbox 1637 1168 1663 1223; x_wconf 92' lang='lat' dir='ltr'><strong>in</strong></span> <span class='ocrx_word' id='word_1_135' title='bbox 1678 1167 1725 1223; x_wconf 92' lang='lat' dir='ltr'><strong>iilo</strong></span> <span class='ocrx_word' id='word_1_136' title='bbox 1738 1169 1798 1235; x_wconf 88' lang='lat' dir='ltr'><strong>est,</strong></span> 
     </span>
     <span class='ocr_line' id='line_1_12' title="bbox 164 1254 1800 1336; baseline 0.003 -27"><span class='ocrx_word' id='word_1_137' title='bbox 164 1254 208 1312; x_wconf 85' lang='lat' dir='ltr'><strong>rel</strong></span> <span class='ocrx_word' id='word_1_138' title='bbox 219 1272 297 1313; x_wconf 79' lang='lat' dir='ltr'><strong>servo</strong></span> <span class='ocrx_word' id='word_1_139' title='bbox 309 1272 358 1314; x_wconf 89' lang='lat' dir='ltr'><strong>suo</strong></span> <span class='ocrx_word' id='word_1_140' title='bbox 370 1258 470 1328; x_wconf 86' lang='lat' dir='ltr'><strong>dicere,</strong></span> <span class='ocrx_word' id='word_1_141' title='bbox 486 1260 638 1318; x_wconf 85' lang='lat' dir='ltr'><strong>Daemoncm</strong></span> <span class='ocrx_word' id='word_1_142' title='bbox 652 1262 735 1319; x_wconf 89' lang='lat' dir='ltr'><strong>babes</strong></span> <span class='ocrx_word' id='word_1_143' title='bbox 750 1260 787 1336; x_wconf 84' lang='lat' dir='ltr'><strong>(n)</strong></span> <span class='ocrx_word' id='word_1_144' title='bbox 801 1283 807 1320; x_wconf 92' lang='lat'><strong>:</strong></span> <span class='ocrx_word' id='word_1_145' title='bbox 821 1263 868 1319; x_wconf 89' lang='lat' dir='ltr'><strong>sed</strong></span> <span class='ocrx_word' id='word_1_146' title='bbox 882 1262 959 1318; x_wconf 89' lang='lat' dir='ltr'><strong>ouili·</strong></span> <span class='ocrx_word' id='word_1_147' title='bbox 1008 1266 1089 1320; x_wconf 88' lang='lat' dir='ltr'><strong>eorda</strong></span> <span class='ocrx_word' id='word_1_148' title='bbox 1104 1264 1281 1331; x_wconf 68' lang='lat' dir='ltr'><strong>mundantem</strong></span> <span class='ocrx_word' id='word_1_149' title='bbox 1297 1263 1344 1320; x_wconf 91' lang='lat' dir='ltr'><strong>sed</strong></span> <span class='ocrx_word' id='word_1_150' title='bbox 1362 1277 1411 1334; x_wconf 90' lang='lat' dir='ltr'><strong>per</strong></span> <span class='ocrx_word' id='word_1_151' title='bbox 1428 1262 1550 1334; x_wconf 75' lang='lat' dir='ltr'><strong>quedam</strong></span> <span class='ocrx_word' id='word_1_152' title='bbox 1572 1259 1726 1331; x_wconf 89' lang='lat' dir='ltr'><strong>temporalia</strong></span> <span class='ocrx_word' id='word_1_153' title='bbox 1744 1273 1800 1314; x_wconf 81' lang='lat' dir='ltr'><strong>sum</strong></span> 
     </span>
     <span class='ocr_line' id='line_1_13' title="bbox 163 1346 1804 1426; baseline 0.003 -25"><span class='ocrx_word' id='word_1_154' title='bbox 163 1346 211 1401; x_wconf 84' lang='lat' dir='ltr'><strong>bet</strong></span> <span class='ocrx_word' id='word_1_155' title='bbox 221 1347 272 1404; x_wconf 88' lang='lat' dir='ltr'><strong>lroc</strong></span> <span class='ocrx_word' id='word_1_156' title='bbox 284 1371 291 1382; x_wconf 92' lang='lat'><strong>·</strong></span> <span class='ocrx_word' id='word_1_157' title='bbox 305 1348 395 1405; x_wconf 80' lang='lat' dir='ltr'><strong>dicere</strong></span> <span class='ocrx_word' id='word_1_158' title='bbox 407 1351 537 1417; x_wconf 83' lang='lat' dir='ltr'><strong>voluerit,</strong></span> <span class='ocrx_word' id='word_1_159' title='bbox 553 1368 607 1408; x_wconf 90' lang='lat' dir='ltr'><strong>non</strong></span> <span class='ocrx_word' id='word_1_160' title='bbox 626 1369 656 1409; x_wconf 89' lang='lat' dir='ltr'><strong>se</strong></span> <span class='ocrx_word' id='word_1_161' title='bbox 668 1354 745 1410; x_wconf 89' lang='lat' dir='ltr'><strong>aliter</strong></span> <span class='ocrx_word' id='word_1_162' title='bbox 763 1355 864 1425; x_wconf 84' lang='lat' dir='ltr'><strong>accipi,</strong></span> <span class='ocrx_word' id='word_1_163' title='bbox 879 1369 957 1424; x_wconf 88' lang='lat' dir='ltr'><strong>quam</strong></span> <span class='ocrx_word' id='word_1_164' title='bbox 1011 1358 1116 1413; x_wconf 87' lang='lat' dir='ltr'><strong>virtutis</strong></span> <span class='ocrx_word' id='word_1_165' title='bbox 1126 1356 1217 1413; x_wconf 83' lang='lat' dir='ltr'><strong>ellectu</strong></span> <span class='ocrx_word' id='word_1_166' title='bbox 1227 1366 1254 1412; x_wconf 95' lang='lat' dir='ltr'><strong>et</strong></span> <span class='ocrx_word' id='word_1_167' title='bbox 1266 1356 1451 1413; x_wconf 71' lang='lat' dir='ltr'><strong>occultissime</strong></span> <span class='ocrx_word' id='word_1_168' title='bbox 1462 1354 1537 1426; x_wconf 85' lang='lat' dir='ltr'><strong>signa</strong></span> <span class='ocrx_word' id='word_1_169' title='bbox 1563 1351 1711 1423; x_wconf 84' lang='lat' dir='ltr'><strong>praesentiae</strong></span> <span class='ocrx_word' id='word_1_170' title='bbox 1722 1393 1729 1416; x_wconf 90' lang='lat'><strong>,</strong></span> <span class='ocrx_word' id='word_1_171' title='bbox 1740 1358 1804 1423; x_wconf 78' lang='lat' dir='ltr'><strong>quae&#39;</strong></span> 
     </span>
     <span class='ocr_line' id='line_1_14' title="bbox 165 1437 1800 1524; baseline 0.003 -32"><span class='ocrx_word' id='word_1_172' title='bbox 165 1437 330 1496; x_wconf 84' lang='lat' dir='ltr'><strong>maledicere</strong></span> <span class='ocrx_word' id='word_1_173' title='bbox 341 1441 470 1508; x_wconf 80' lang='lat' dir='ltr'><strong>noluisse,</strong></span> <span class='ocrx_word' id='word_1_174' title='bbox 485 1443 673 1524; x_wconf 84' lang='lat' dir='ltr'><strong>dubitarenou</strong></span> <span class='ocrx_word' id='word_1_175' title='bbox 688 1446 781 1515; x_wconf 85' lang='lat' dir='ltr'><strong>possit.</strong></span> <span class='ocrx_word' id='word_1_176' title='bbox 793 1445 858 1513; x_wconf 82' lang='lat' dir='ltr'><strong>Quae</strong></span> <span class='ocrx_word' id='word_1_177' title='bbox 880 1446 959 1516; x_wconf 87' lang='lat' dir='ltr'><strong>igitur</strong></span> <span class='ocrx_word' id='word_1_178' title='bbox 1009 1451 1134 1521; x_wconf 86' lang='lat' dir='ltr'><strong>angelicis</strong></span> <span class='ocrx_word' id='word_1_179' title='bbox 1143 1449 1266 1506; x_wconf 88' lang='lat' dir='ltr'><strong>sensibus</strong></span> <span class='ocrx_word' id='word_1_180' title='bbox 1276 1449 1355 1504; x_wconf 93' lang='lat' dir='ltr'><strong>etiam</strong></span> <span class='ocrx_word' id='word_1_181' title='bbox 1369 1446 1544 1518; x_wconf 88' lang='lat' dir='ltr'><strong>malignorum</strong></span> <span class='ocrx_word' id='word_1_182' title='bbox 1557 1444 1698 1517; x_wconf 84' lang='lat' dir='ltr'><strong>spirituum</strong></span> <span class='ocrx_word' id='word_1_183' title='bbox 1713 1445 1800 1513; x_wconf 85' lang='lat' dir='ltr'><strong>potius</strong></span> 
     </span>
     <span class='ocr_line' id='line_1_15' title="bbox 163 1532 1799 1612; baseline 0.002 -27"><span class='ocrx_word' id='word_1_184' title='bbox 163 1532 328 1588; x_wconf 85' lang='lat' dir='ltr'><strong>nes¹causa</strong></span> <span class='ocrx_word' id='word_1_185' title='bbox 352 1534 500 1605; x_wconf 83' lang='lat' dir='ltr'><strong>compellit,</strong></span> <span class='ocrx_word' id='word_1_186' title='bbox 524 1542 553 1591; x_wconf 88' lang='lat' dir='ltr'><strong>ut</strong></span> <span class='ocrx_word' id='word_1_187' title='bbox 572 1545 632 1608; x_wconf 93' lang='lat' dir='ltr'><strong>post</strong></span> <span class='ocrx_word' id='word_1_188' title='bbox 651 1537 824 1594; x_wconf 78' lang='lat' dir='ltr'><strong>offensionem</strong></span> <span class='ocrx_word' id='word_1_189' title='bbox 849 1538 957 1594; x_wconf 90' lang='lat' dir='ltr'><strong>aurium</strong></span> <span class='ocrx_word' id='word_1_190' title='bbox 1009 1558 1088 1612; x_wconf 86' lang='lat' dir='ltr'><strong>qnam</strong></span> <span class='ocrx_word' id='word_1_191' title='bbox 1111 1541 1255 1597; x_wconf 83' lang='lat' dir='ltr'><strong>irtdrmitati</strong></span> <span class='ocrx_word' id='word_1_192' title='bbox 1276 1540 1413 1595; x_wconf 91' lang='lat' dir='ltr'><strong>hominum</strong></span> <span class='ocrx_word' id='word_1_193' title='bbox 1433 1545 1543 1609; x_wconf 89' lang='lat' dir='ltr'><strong>possent</strong></span> <span class='ocrx_word' id='word_1_194' title='bbox 1565 1551 1625 1592; x_wconf 85' lang='lat' dir='ltr'><strong>esse</strong></span> <span class='ocrx_word' id='word_1_195' title='bbox 1647 1534 1799 1605; x_wconf 89' lang='lat' dir='ltr'><strong>conspicua.</strong></span> 
     </span>
    </p>
   </div>
   <div class='ocr_carea' id='block_1_4' title="bbox 163 1625 1801 1794">
    <p class='ocr_par' dir='ltr' id='par_1_4' title="bbox 163 1625 1801 1794">
     <span class='ocr_line' id='line_1_16' title="bbox 164 1625 1800 1706; baseline 0.003 -30"><span class='ocrx_word' id='word_1_196' title='bbox 164 1633 220 1677; x_wconf 91' lang='lat' dir='ltr'><strong>tam</strong></span> <span class='ocrx_word' id='word_1_197' title='bbox 243 1625 403 1690; x_wconf 91' lang='lat' dir='ltr'><strong>multarum,</strong></span> <span class='ocrx_word' id='word_1_198' title='bbox 422 1636 452 1681; x_wconf 97' lang='lat' dir='ltr'><strong>ut</strong></span> <span class='ocrx_word' id='word_1_199' title='bbox 469 1627 523 1698; x_wconf 80' lang='lat' dir='ltr'><strong>jam</strong></span> <span class='ocrx_word' id='word_1_200' title='bbox 538 1642 607 1698; x_wconf 88' lang='lat' dir='ltr'><strong>pene</strong></span> <span class='ocrx_word' id='word_1_201' title='bbox 620 1630 674 1684; x_wconf 92' lang='lat' dir='ltr'><strong>sint</strong></span> <span class='ocrx_word' id='word_1_202' title='bbox 686 1631 803 1685; x_wconf 89' lang='lat' dir='ltr'><strong>emnium</strong></span> <span class='ocrx_word' id='word_1_203' title='bbox 815 1672 822 1693; x_wconf 84' lang='lat'><strong>,</strong></span> <span class='ocrx_word' id='word_1_204' title='bbox 836 1646 896 1700; x_wconf 78' lang='lat' dir='ltr'><strong>que</strong></span> <span class='ocrx_word' id='word_1_205' title='bbox 909 1631 959 1685; x_wconf 85' lang='lat' dir='ltr'><strong>ltoe</strong></span> <span class='ocrx_word' id='word_1_206' title='bbox 1011 1636 1128 1705; x_wconf 87' lang='lat' dir='ltr'><strong>bonique</strong></span> <span class='ocrx_word' id='word_1_207' title='bbox 1140 1634 1247 1706; x_wconf 94' lang='lat' dir='ltr'><strong>quando</strong></span> <span class='ocrx_word' id='word_1_208' title='bbox 1259 1648 1288 1688; x_wconf 86' lang='lat' dir='ltr'><strong>ea</strong></span> <span class='ocrx_word' id='word_1_209' title='bbox 1303 1633 1440 1703; x_wconf 90' lang='lat' dir='ltr'><strong>paululum</strong></span> <span class='ocrx_word' id='word_1_210' title='bbox 1455 1628 1645 1702; x_wconf 89' lang='lat' dir='ltr'><strong>supprimenda</strong></span> <span class='ocrx_word' id='word_1_211' title='bbox 1655 1627 1800 1698; x_wconf 81' lang='lat' dir='ltr'><strong>judicavit,</strong></span> 
     </span>
     <span class='ocr_line' id='line_1_17' title="bbox 163 1709 1801 1794; baseline -0.004 -17"><span class='ocrx_word' id='word_1_212' title='bbox 163 1709 277 1767; x_wconf 64' lang='lat' dir='ltr'><strong>lesbum</strong></span> <span class='ocrx_word' id='word_1_213' title='bbox 296 1711 402 1768; x_wconf 67' lang='lat' dir='ltr'><strong>¹¹0¹¹¹¹l⁵l</strong></span> <span class='ocrx_word' id='word_1_214' title='bbox 417 1712 444 1768; x_wconf 65' lang='lat'><strong>5¹¹</strong></span> <span class='ocrx_word' id='word_1_215' title='bbox 458 1712 554 1768; x_wconf 65' lang='lat' dir='ltr'><strong>mllam</strong></span> <span class='ocrx_word' id='word_1_216' title='bbox 577 1724 678 1785; x_wconf 62' lang='lat' dir='ltr'><strong>uallem</strong></span> <span class='ocrx_word' id='word_1_217' title='bbox 702 1717 794 1770; x_wconf 65' lang='lat' dir='ltr'><strong>ludite</strong></span> <span class='ocrx_word' id='word_1_218' title='bbox 812 1730 959 1770; x_wconf 63' lang='grc'><strong>1011311016·</strong></span> <span class='ocrx_word' id='word_1_219' title='bbox 1010 1736 1036 1780; x_wconf 91' lang='lat' dir='ltr'><strong>et</strong></span> <span class='ocrx_word' id='word_1_220' title='bbox 1050 1727 1184 1794; x_wconf 87' lang='lat' dir='ltr'><strong>aliquanto</strong></span> <span class='ocrx_word' id='word_1_221' title='bbox 1197 1724 1276 1779; x_wconf 91' lang='lat' dir='ltr'><strong>altius</strong></span> <span class='ocrx_word' id='word_1_222' title='bbox 1291 1723 1378 1787; x_wconf 86' lang='lat' dir='ltr'><strong>latuit,</strong></span> <span class='ocrx_word' id='word_1_223' title='bbox 1391 1720 1522 1776; x_wconf 86' lang='lat' dir='ltr'><strong>dubitavit</strong></span> <span class='ocrx_word' id='word_1_224' title='bbox 1534 1719 1568 1776; x_wconf 91' lang='lat' dir='ltr'><strong>de</strong></span> <span class='ocrx_word' id='word_1_225' title='bbox 1587 1720 1634 1774; x_wconf 91' lang='lat' dir='ltr'><strong>ilio</strong></span> <span class='ocrx_word' id='word_1_226' title='bbox 1649 1718 1801 1774; x_wconf 69' lang='lat' dir='ltr'><strong>daemonnm</strong></span> 
     </span>
    </p>
   </div>
   <div class='ocr_carea' id='block_1_5' title="bbox 164 1801 1802 1979">
    <p class='ocr_par' dir='ltr' id='par_1_5' title="bbox 164 1801 1802 1979">
     <span class='ocr_line' id='line_1_18' title="bbox 164 1801 1802 1888; baseline 0.004 -30"><span class='ocrx_word' id='word_1_227' title='bbox 164 1809 239 1870; x_wconf 91' lang='lat' dir='ltr'><strong>runt,</strong></span> <span class='ocrx_word' id='word_1_228' title='bbox 252 1801 323 1873; x_wconf 93' lang='lat' dir='ltr'><strong>quod</strong></span> <span class='ocrx_word' id='word_1_229' title='bbox 335 1802 451 1861; x_wconf 82' lang='lat' dir='ltr'><strong>diximus</strong></span> <span class='ocrx_word' id='word_1_230' title='bbox 460 1819 587 1877; x_wconf 89' lang='lat' dir='ltr'><strong>cogamur</strong></span> <span class='ocrx_word' id='word_1_231' title='bbox 599 1822 743 1878; x_wconf 91' lang='lat' dir='ltr'><strong>exponere,</strong></span> <span class='ocrx_word' id='word_1_232' title='bbox 757 1824 818 1863; x_wconf 94' lang='lat' dir='ltr'><strong>cum</strong></span> <span class='ocrx_word' id='word_1_233' title='bbox 828 1809 959 1878; x_wconf 86' lang='lat' dir='ltr'><strong>possimus</strong></span> <span class='ocrx_word' id='word_1_234' title='bbox 1011 1818 1149 1888; x_wconf 87' lang='lat' dir='ltr'><strong>princeps,</strong></span> <span class='ocrx_word' id='word_1_235' title='bbox 1164 1830 1278 1887; x_wconf 88' lang='lat' dir='ltr'><strong>eumque</strong></span> <span class='ocrx_word' id='word_1_236' title='bbox 1296 1814 1421 1877; x_wconf 88' lang='lat' dir='ltr'><strong>tentavit,</strong></span> <span class='ocrx_word' id='word_1_237' title='bbox 1441 1828 1473 1867; x_wconf 90' lang='lat' dir='ltr'><strong>an</strong></span> <span class='ocrx_word' id='word_1_238' title='bbox 1488 1812 1611 1867; x_wconf 83' lang='lat' dir='ltr'><strong>Claristus</strong></span> <span class='ocrx_word' id='word_1_239' title='bbox 1622 1819 1694 1866; x_wconf 85' lang='lat' dir='ltr'><strong>esset</strong></span> <span class='ocrx_word' id='word_1_240' title='bbox 1708 1809 1802 1879; x_wconf 83' lang='lat' dir='ltr'><strong>exple·</strong></span> 
     </span>
     <span class='ocr_line' id='line_1_19' title="bbox 164 1892 1801 1979; baseline 0.005 -31"><span class='ocrx_word' id='word_1_241' title='bbox 164 1892 329 1965; x_wconf 76' lang='lat' dir='ltr'><strong>Angelorum</strong></span> <span class='ocrx_word' id='word_1_242' title='bbox 347 1895 454 1952; x_wconf 90' lang='lat' dir='ltr'><strong>nomine</strong></span> <span class='ocrx_word' id='word_1_243' title='bbox 468 1897 604 1962; x_wconf 86' lang='lat' dir='ltr'><strong>adhibito,</strong></span> <span class='ocrx_word' id='word_1_244' title='bbox 621 1898 742 1955; x_wconf 89' lang='lat' dir='ltr'><strong>eamdem</strong></span> <span class='ocrx_word' id='word_1_245' title='bbox 768 1899 958 1967; x_wconf 82' lang='lat' dir='ltr'><strong>offensionem,</strong></span> <span class='ocrx_word' id='word_1_246' title='bbox 1010 1923 1088 1973; x_wconf 80' lang='lat' dir='ltr'><strong>raras,</strong></span> <span class='ocrx_word' id='word_1_247' title='bbox 1103 1917 1229 1979; x_wconf 91' lang='lat' dir='ltr'><strong>qnantum</strong></span> <span class='ocrx_word' id='word_1_248' title='bbox 1242 1923 1272 1963; x_wconf 91' lang='lat' dir='ltr'><strong>se</strong></span> <span class='ocrx_word' id='word_1_249' title='bbox 1286 1905 1381 1963; x_wconf 84' lang='lat' dir='ltr'><strong>tettmri</strong></span> <span class='ocrx_word' id='word_1_250' title='bbox 1404 1905 1460 1974; x_wconf 88' lang='lat' dir='ltr'><strong>ipse</strong></span> <span class='ocrx_word' id='word_1_251' title='bbox 1474 1903 1607 1974; x_wconf 81' lang='lat' dir='ltr'><strong>permisit,</strong></span> <span class='ocrx_word' id='word_1_252' title='bbox 1623 1912 1652 1956; x_wconf 94' lang='lat' dir='ltr'><strong>nt</strong></span> <span class='ocrx_word' id='word_1_253' title='bbox 1666 1901 1801 1956; x_wconf 86' lang='lat' dir='ltr'><strong>bominem</strong></span> 
     </span>
    </p>
   </div>
   <div class='ocr_carea' id='block_1_6' title="bbox 164 1985 840 2060">
    <p class='ocr_par' dir='ltr' id='par_1_6' title="bbox 164 1985 840 2060">
     <span class='ocr_line' id='line_1_20' title="bbox 164 1985 840 2060; baseline 0.007 -23"><span class='ocrx_word' id='word_1_254' title='bbox 164 1991 227 2053; x_wconf 71' lang='lat' dir='ltr'><strong>quae</strong></span> <span class='ocrx_word' id='word_1_255' title='bbox 237 1985 345 2040; x_wconf 88' lang='lat' dir='ltr'><strong>nominc</strong></span> <span class='ocrx_word' id='word_1_256' title='bbox 358 1986 509 2042; x_wconf 79' lang='lat' dir='ltr'><strong>daemonum</strong></span> <span class='ocrx_word' id='word_1_257' title='bbox 522 1987 580 2044; x_wconf 86' lang='lat' dir='ltr'><strong>lieri</strong></span> <span class='ocrx_word' id='word_1_258' title='bbox 594 1998 708 2060; x_wconf 85' lang='lat' dir='ltr'><strong>peterat,</strong></span> <span class='ocrx_word' id='word_1_259' title='bbox 722 1989 840 2046; x_wconf 86' lang='lat' dir='ltr'><strong>eritarei</strong></span> 
     </span>
    </p>
   </div>
   <div class='ocr_carea' id='block_1_7' title="bbox 164 2092 960 2268">
    <p class='ocr_par' dir='ltr' id='par_1_7' title="bbox 164 2092 960 2268">
     <span class='ocr_line' id='line_1_21' title="bbox 164 2092 960 2174; baseline 0.008 -24"><span class='ocrx_word' id='word_1_260' title='bbox 164 2092 279 2152; x_wconf 75' lang='lat' dir='ltr'><strong>CAPUT</strong></span> <span class='ocrx_word' id='word_1_261' title='bbox 296 2095 356 2152; x_wconf 78' lang='lat' dir='ltr'><strong>XX.</strong></span> <span class='ocrx_word' id='word_1_262' title='bbox 371 2128 407 2138; x_wconf 93' lang='lat'><em>-</em></span> <span class='ocrx_word' id='word_1_263' title='bbox 419 2097 586 2168; x_wconf 80' lang='lat' dir='ltr'><strong>Beqnoiitote</strong></span> <span class='ocrx_word' id='word_1_264' title='bbox 607 2101 735 2169; x_wconf 83' lang='lat' dir='ltr'><strong>scientie,</strong></span> <span class='ocrx_word' id='word_1_265' title='bbox 760 2117 817 2174; x_wconf 80' lang='lat' dir='ltr'><strong>quot</strong></span> <span class='ocrx_word' id='word_1_266' title='bbox 835 2101 960 2156; x_wconf 78' lang='lat' dir='ltr'><strong>destrones</strong></span> 
     </span>
     <span class='ocr_line' id='line_1_22' title="bbox 460 2190 667 2268; baseline -0.005 -24"><span class='ocrx_word' id='word_1_267' title='bbox 460 2190 581 2261; x_wconf 82' lang='lat' dir='ltr'><strong>superbos</strong></span> <span class='ocrx_word' id='word_1_268' title='bbox 593 2191 667 2268; x_wconf 63' lang='lat' dir='ltr'><strong>[orit.</strong></span> 
     </span>
    </p>
   </div>
   <div class='ocr_carea' id='block_1_8' title="bbox 165 2297 963 2930">
    <p class='ocr_par' dir='ltr' id='par_1_8' title="bbox 165 2297 963 2930">
     <span class='ocr_line' id='line_1_23' title="bbox 200 2297 961 2379; baseline 0.003 -21"><span class='ocrx_word' id='word_1_269' title='bbox 200 2297 452 2378; x_wconf 71' lang='lat' dir='ltr'><strong>Qatnnquam&#39;etiam</strong></span> <span class='ocrx_word' id='word_1_270' title='bbox 464 2307 520 2378; x_wconf 91' lang='lat' dir='ltr'><strong>ipsa</strong></span> <span class='ocrx_word' id='word_1_271' title='bbox 533 2308 608 2379; x_wconf 89' lang='lat' dir='ltr'><strong>origo</strong></span> <span class='ocrx_word' id='word_1_272' title='bbox 624 2307 702 2377; x_wconf 74' lang='lat' dir='ltr'><strong>liuius</strong></span> <span class='ocrx_word' id='word_1_273' title='bbox 717 2306 841 2372; x_wconf 90' lang='lat' dir='ltr'><strong>nominis,</strong></span> <span class='ocrx_word' id='word_1_274' title='bbox 857 2306 880 2361; x_wconf 88' lang='lat' dir='ltr'><strong>si</strong></span> <span class='ocrx_word' id='word_1_275' title='bbox 895 2306 961 2361; x_wconf 86' lang='lat' dir='ltr'><strong>diri·</strong></span> 
     </span>
     <span class='ocr_line' id='line_1_24' title="bbox 166 2399 963 2472; baseline 0 -18"><span class='ocrx_word' id='word_1_276' title='bbox 166 2414 217 2454; x_wconf 85' lang='lat' dir='ltr'><strong>nos</strong></span> <span class='ocrx_word' id='word_1_277' title='bbox 229 2399 383 2455; x_wconf 87' lang='lat' dir='ltr'><strong>intueamur</strong></span> <span class='ocrx_word' id='word_1_278' title='bbox 403 2400 515 2465; x_wconf 87' lang='lat' dir='ltr'><strong>Libros,</strong></span> <span class='ocrx_word' id='word_1_279' title='bbox 538 2400 637 2472; x_wconf 91' lang='lat' dir='ltr'><strong>aliquid</strong></span> <span class='ocrx_word' id='word_1_280' title='bbox 651 2401 729 2456; x_wconf 81' lang='lat' dir='ltr'><strong>allent</strong></span> <span class='ocrx_word' id='word_1_281' title='bbox 749 2401 900 2472; x_wconf 75' lang='lat' dir='ltr'><strong>cognitione</strong></span> <span class='ocrx_word' id='word_1_282' title='bbox 920 2399 963 2455; x_wconf 85' lang='lat' dir='ltr'><strong>di·</strong></span> 
     </span>
     <span class='ocr_line' id='line_1_25' title="bbox 165 2490 963 2563; baseline 0.001 -19"><span class='ocrx_word' id='word_1_283' title='bbox 165 2490 333 2560; x_wconf 84' lang='lat' dir='ltr'><strong>graissimum.</strong></span> <span class='ocrx_word' id='word_1_284' title='bbox 353 2501 464 2559; x_wconf 71' lang='grc' dir='ltr'>Δαιμονις</span> <span class='ocrx_word' id='word_1_285' title='bbox 476 2492 547 2548; x_wconf 87' lang='lat' dir='ltr'><strong>enim</strong></span> <span class='ocrx_word' id='word_1_286' title='bbox 560 2492 693 2560; x_wconf 90' lang='lat' dir='ltr'><strong>dicuntur,</strong></span> <span class='ocrx_word' id='word_1_287' title='bbox 707 2495 831 2563; x_wconf 90' lang='lat' dir='ltr'><strong>quoniam</strong></span> <span class='ocrx_word' id='word_1_288' title='bbox 847 2490 963 2547; x_wconf 80' lang='lat' dir='ltr'><strong>voeabu-</strong></span> 
     </span>
     <span class='ocr_line' id='line_1_26' title="bbox 166 2583 962 2656; baseline 0.004 -19"><span class='ocrx_word' id='word_1_289' title='bbox 166 2583 222 2638; x_wconf 93' lang='lat' dir='ltr'><strong>lum</strong></span> <span class='ocrx_word' id='word_1_290' title='bbox 231 2597 348 2655; x_wconf 84' lang='lat' dir='ltr'><strong>graeeum</strong></span> <span class='ocrx_word' id='word_1_291' title='bbox 363 2592 415 2651; x_wconf 92' lang='lat' dir='ltr'><strong>est,</strong></span> <span class='ocrx_word' id='word_1_292' title='bbox 428 2585 609 2641; x_wconf 76' lang='lat' dir='ltr'><strong>nescientiam</strong></span> <span class='ocrx_word' id='word_1_293' title='bbox 620 2586 748 2641; x_wconf 90' lang='lat' dir='ltr'><strong>nominati</strong></span> <span class='ocrx_word' id='word_1_294' title='bbox 760 2586 808 2656; x_wconf 86' lang='lat' dir='ltr'><strong>(b).</strong></span> <span class='ocrx_word' id='word_1_295' title='bbox 818 2585 962 2654; x_wconf 77' lang='lat' dir='ltr'><strong>spectetur</strong></span> 
     </span>
     <span class='ocr_line' id='line_1_27' title="bbox 168 2672 963 2745; baseline 0.003 -19"><span class='ocrx_word' id='word_1_296' title='bbox 168 2681 257 2728; x_wconf 85' lang='lat' dir='ltr'><strong>antem</strong></span> <span class='ocrx_word' id='word_1_297' title='bbox 273 2672 374 2743; x_wconf 89' lang='lat' dir='ltr'><strong>Spiritu</strong></span> <span class='ocrx_word' id='word_1_298' title='bbox 388 2683 482 2730; x_wconf 89' lang='lat' dir='ltr'><strong>sancto</strong></span> <span class='ocrx_word' id='word_1_299' title='bbox 495 2674 599 2732; x_wconf 89' lang='lat' dir='ltr'><strong>loeutus</strong></span> <span class='ocrx_word' id='word_1_300' title='bbox 612 2677 658 2742; x_wconf 87' lang='lat' dir='ltr'><strong>ait,</strong></span> <span class='ocrx_word' id='word_1_301' title='bbox 672 2675 785 2732; x_wconf 79' lang='lat' dir='ltr'><strong>scientio</strong></span> <span class='ocrx_word' id='word_1_302' title='bbox 796 2676 887 2745; x_wconf 74' lang='lat' dir='ltr'><strong>inflat,</strong></span> <span class='ocrx_word' id='word_1_303' title='bbox 901 2673 963 2728; x_wconf 83' lang='lat' dir='ltr'><strong>cito·</strong></span> 
     </span>
     <span class='ocr_line' id='line_1_28' title="bbox 167 2762 961 2837; baseline 0.001 -19"><span class='ocrx_word' id='word_1_304' title='bbox 167 2762 229 2817; x_wconf 83' lang='lat' dir='ltr'><strong>titos</strong></span> <span class='ocrx_word' id='word_1_305' title='bbox 240 2777 298 2818; x_wconf 84' lang='lat' dir='ltr'><strong>nero</strong></span> <span class='ocrx_word' id='word_1_306' title='bbox 309 2763 419 2833; x_wconf 74' lang='lat' dir='ltr'><strong>edificat</strong></span> <span class='ocrx_word' id='word_1_307' title='bbox 433 2763 582 2836; x_wconf 70' lang='lat' dir='ltr'><strong>(lcumena,</strong></span> <span class='ocrx_word' id='word_1_308' title='bbox 595 2765 632 2837; x_wconf 87' lang='grc'><strong>1).</strong></span> <span class='ocrx_word' id='word_1_309' title='bbox 646 2765 721 2834; x_wconf 83' lang='lat' dir='ltr'><strong>Quod</strong></span> <span class='ocrx_word' id='word_1_310' title='bbox 736 2776 808 2821; x_wconf 89' lang='lat' dir='ltr'><strong>reete</strong></span> <span class='ocrx_word' id='word_1_311' title='bbox 818 2765 896 2821; x_wconf 89' lang='lat' dir='ltr'><strong>aliter</strong></span> <span class='ocrx_word' id='word_1_312' title='bbox 908 2781 961 2819; x_wconf 92' lang='lat' dir='ltr'><strong>nou</strong></span> 
     </span>
     <span class='ocr_line' id='line_1_29' title="bbox 167 2854 962 2930; baseline 0.003 -21"><span class='ocrx_word' id='word_1_313' title='bbox 167 2854 335 2926; x_wconf 73' lang='lat' dir='ltr'><strong>intelligitur,</strong></span> <span class='ocrx_word' id='word_1_314' title='bbox 347 2857 398 2913; x_wconf 89' lang='lat' dir='ltr'><strong>nisi</strong></span> <span class='ocrx_word' id='word_1_315' title='bbox 408 2857 545 2913; x_wconf 89' lang='lat' dir='ltr'><strong>scientiam</strong></span> <span class='ocrx_word' id='word_1_316' title='bbox 555 2867 617 2914; x_wconf 94' lang='lat' dir='ltr'><strong>tunc</strong></span> <span class='ocrx_word' id='word_1_317' title='bbox 626 2858 764 2930; x_wconf 81' lang='lat' dir='ltr'><strong>prodesse,</strong></span> <span class='ocrx_word' id='word_1_318' title='bbox 775 2873 835 2914; x_wconf 94' lang='lat' dir='ltr'><strong>cum</strong></span> <span class='ocrx_word' id='word_1_319' title='bbox 846 2856 962 2914; x_wconf 82' lang='lat' dir='ltr'><strong>ebaritas</strong></span> 
     </span>
    </p>
   </div>
   <div class='ocr_carea' id='block_1_9' title="bbox 168 2942 979 3019">
    <p class='ocr_par' dir='ltr' id='par_1_9' title="bbox 168 2942 979 3019">
     <span class='ocr_line' id='line_1_30' title="bbox 168 2942 979 3019; baseline 0.007 -20"><span class='ocrx_word' id='word_1_320' title='bbox 168 2942 256 3012; x_wconf 90' lang='lat' dir='ltr'><strong>inest;</strong></span> <span class='ocrx_word' id='word_1_321' title='bbox 277 2945 337 3002; x_wconf 89' lang='lat' dir='ltr'><strong>sine</strong></span> <span class='ocrx_word' id='word_1_322' title='bbox 354 2946 405 3003; x_wconf 87' lang='lat' dir='ltr'><strong>bac</strong></span> <span class='ocrx_word' id='word_1_323' title='bbox 418 2957 507 3003; x_wconf 88' lang='lat' dir='ltr'><strong>autern</strong></span> <span class='ocrx_word' id='word_1_324' title='bbox 527 2948 638 3013; x_wconf 78' lang='lat' dir='ltr'><strong>intime,</strong></span> <span class='ocrx_word' id='word_1_325' title='bbox 660 2948 742 3004; x_wconf 90' lang='lat' dir='ltr'><strong>idest</strong></span> <span class='ocrx_word' id='word_1_326' title='bbox 763 2950 789 3003; x_wconf 91' lang='lat' dir='ltr'><strong>in</strong></span> <span class='ocrx_word' id='word_1_327' title='bbox 810 2948 979 3019; x_wconf 86' lang='lat' dir='ltr'><strong>snperbiam.</strong></span> 
     </span>
    </p>
   </div>
   <div class='ocr_carea' id='block_1_10' title="bbox 146 3034 968 4024">
    <p class='ocr_par' dir='ltr' id='par_1_10' title="bbox 168 3034 968 3657">
     <span class='ocr_line' id='line_1_31' title="bbox 168 3034 962 3109; baseline 0.006 -19"><span class='ocrx_word' id='word_1_328' title='bbox 168 3034 332 3093; x_wconf 73' lang='lat' dir='ltr'><strong>bmnbsimm</strong></span> <span class='ocrx_word' id='word_1_329' title='bbox 344 3039 419 3108; x_wconf 90' lang='lat' dir='ltr'><strong>quasi</strong></span> <span class='ocrx_word' id='word_1_330' title='bbox 432 3040 601 3095; x_wconf 81' lang='lat' dir='ltr'><strong>ventositatis</strong></span> <span class='ocrx_word' id='word_1_331' title='bbox 622 3039 764 3095; x_wconf 82' lang='lat' dir='ltr'><strong>extollere.</strong></span> <span class='ocrx_word' id='word_1_332' title='bbox 788 3039 835 3095; x_wconf 85' lang='lat' dir='ltr'><strong>Est</strong></span> <span class='ocrx_word' id='word_1_333' title='bbox 856 3053 920 3109; x_wconf 90' lang='lat' dir='ltr'><strong>erge</strong></span> <span class='ocrx_word' id='word_1_334' title='bbox 934 3039 962 3095; x_wconf 92' lang='lat' dir='ltr'><strong>in</strong></span> 
     </span>
     <span class='ocr_line' id='line_1_32' title="bbox 169 3125 962 3197; baseline 0.003 -15"><span class='ocrx_word' id='word_1_335' title='bbox 169 3125 336 3183; x_wconf 71' lang='lat' dir='ltr'><strong>demonibus</strong></span> <span class='ocrx_word' id='word_1_336' title='bbox 350 3128 461 3185; x_wconf 85' lang='lat' dir='ltr'><strong>seientia</strong></span> <span class='ocrx_word' id='word_1_337' title='bbox 470 3130 528 3185; x_wconf 88' lang='lat' dir='ltr'><strong>sinc</strong></span> <span class='ocrx_word' id='word_1_338' title='bbox 538 3130 678 3197; x_wconf 87' lang='lat' dir='ltr'><strong>charitate,</strong></span> <span class='ocrx_word' id='word_1_339' title='bbox 690 3139 717 3185; x_wconf 90' lang='lat' dir='ltr'><strong>et</strong></span> <span class='ocrx_word' id='word_1_340' title='bbox 728 3129 788 3185; x_wconf 86' lang='lat' dir='ltr'><strong>ideo</strong></span> <span class='ocrx_word' id='word_1_341' title='bbox 798 3138 851 3186; x_wconf 90' lang='lat' dir='ltr'><strong>tam</strong></span> <span class='ocrx_word' id='word_1_342' title='bbox 866 3129 962 3196; x_wconf 81' lang='lat' dir='ltr'><strong>iubati,</strong></span> 
     </span>
     <span class='ocr_line' id='line_1_33' title="bbox 172 3217 962 3289; baseline 0.001 -14"><span class='ocrx_word' id='word_1_343' title='bbox 172 3217 198 3275; x_wconf 93' lang='lat' dir='ltr'><strong>id</strong></span> <span class='ocrx_word' id='word_1_344' title='bbox 208 3228 250 3273; x_wconf 87' lang='lat' dir='ltr'><strong>est</strong></span> <span class='ocrx_word' id='word_1_345' title='bbox 260 3227 314 3274; x_wconf 91' lang='lat' dir='ltr'><strong>tam</strong></span> <span class='ocrx_word' id='word_1_346' title='bbox 327 3220 452 3289; x_wconf 89' lang='lat' dir='ltr'><strong>superbi,</strong></span> <span class='ocrx_word' id='word_1_347' title='bbox 469 3229 545 3285; x_wconf 90' lang='lat' dir='ltr'><strong>sunt,</strong></span> <span class='ocrx_word' id='word_1_348' title='bbox 562 3231 592 3277; x_wconf 92' lang='lat' dir='ltr'><strong>nt</strong></span> <span class='ocrx_word' id='word_1_349' title='bbox 605 3221 720 3277; x_wconf 91' lang='lat' dir='ltr'><strong>bonores</strong></span> <span class='ocrx_word' id='word_1_350' title='bbox 735 3221 840 3277; x_wconf 83' lang='lat' dir='ltr'><strong>divinos</strong></span> <span class='ocrx_word' id='word_1_351' title='bbox 853 3231 880 3277; x_wconf 91' lang='lat' dir='ltr'><strong>et</strong></span> <span class='ocrx_word' id='word_1_352' title='bbox 897 3221 962 3277; x_wconf 90' lang='lat' dir='ltr'><strong>reli-</strong></span> 
     </span>
     <span class='ocr_line' id='line_1_34' title="bbox 170 3308 968 3382; baseline 0.005 -19"><span class='ocrx_word' id='word_1_353' title='bbox 170 3308 257 3380; x_wconf 86' lang='lat' dir='ltr'><strong>gionis</strong></span> <span class='ocrx_word' id='word_1_354' title='bbox 271 3310 441 3377; x_wconf 81' lang='lat' dir='ltr'><strong>servitutem,</strong></span> <span class='ocrx_word' id='word_1_355' title='bbox 453 3327 532 3382; x_wconf 91' lang='lat' dir='ltr'><strong>quam</strong></span> <span class='ocrx_word' id='word_1_356' title='bbox 549 3327 613 3368; x_wconf 90' lang='lat' dir='ltr'><strong>rere</strong></span> <span class='ocrx_word' id='word_1_357' title='bbox 628 3312 683 3368; x_wconf 81' lang='lat' dir='ltr'><strong>lieo</strong></span> <span class='ocrx_word' id='word_1_358' title='bbox 697 3310 789 3367; x_wconf 89' lang='lat' dir='ltr'><strong>deberi</strong></span> <span class='ocrx_word' id='word_1_359' title='bbox 802 3312 900 3375; x_wconf 91' lang='lat' dir='ltr'><strong>sciunt,</strong></span> <span class='ocrx_word' id='word_1_360' title='bbox 912 3311 968 3367; x_wconf 58' lang='lat' dir='ltr'><strong>sibi&gt;</strong></span> 
     </span>
     <span class='ocr_line' id='line_1_35' title="bbox 170 3400 963 3474; baseline 0 -16"><span class='ocrx_word' id='word_1_361' title='bbox 170 3401 316 3472; x_wconf 72' lang='lat' dir='ltr'><strong>sategerint</strong></span> <span class='ocrx_word' id='word_1_362' title='bbox 328 3400 340 3433; x_wconf 88' lang='lat'>⁸</span> <span class='ocrx_word' id='word_1_363' title='bbox 353 3401 488 3467; x_wconf 82' lang='lat' dir='ltr'><strong>exhiberi.</strong></span> <span class='ocrx_word' id='word_1_364' title='bbox 510 3411 537 3459; x_wconf 90' lang='lat' dir='ltr'><strong>et</strong></span> <span class='ocrx_word' id='word_1_365' title='bbox 553 3412 680 3474; x_wconf 92' lang='lat' dir='ltr'><strong>quantum</strong></span> <span class='ocrx_word' id='word_1_366' title='bbox 695 3411 822 3474; x_wconf 90' lang='lat' dir='ltr'><strong>possunt,</strong></span> <span class='ocrx_word' id='word_1_367' title='bbox 844 3412 873 3459; x_wconf 93' lang='lat' dir='ltr'><strong>et</strong></span> <span class='ocrx_word' id='word_1_368' title='bbox 893 3401 963 3472; x_wconf 89' lang='lat' dir='ltr'><strong>apud</strong></span> 
     </span>
     <span class='ocr_line' id='line_1_36' title="bbox 171 3493 965 3566; baseline 0.006 -18"><span class='ocrx_word' id='word_1_369' title='bbox 171 3505 239 3563; x_wconf 80' lang='lat' dir='ltr'><strong>qrros</strong></span> <span class='ocrx_word' id='word_1_370' title='bbox 252 3501 375 3562; x_wconf 91' lang='lat' dir='ltr'><strong>possunt,</strong></span> <span class='ocrx_word' id='word_1_371' title='bbox 389 3493 477 3550; x_wconf 86' lang='lat' dir='ltr'><strong>adlruc</strong></span> <span class='ocrx_word' id='word_1_372' title='bbox 488 3506 578 3566; x_wconf 89' lang='lat' dir='ltr'><strong>agunt.</strong></span> <span class='ocrx_word' id='word_1_373' title='bbox 600 3493 697 3550; x_wconf 82' lang='lat' dir='ltr'><strong>Contra</strong></span> <span class='ocrx_word' id='word_1_374' title='bbox 719 3493 868 3565; x_wconf 89' lang='lat' dir='ltr'><strong>superbiam</strong></span> <span class='ocrx_word' id='word_1_375' title='bbox 883 3507 965 3566; x_wconf 85' lang='lat' dir='ltr'><strong>porro</strong></span> 
     </span>
     <span class='ocr_line' id='line_1_37' title="bbox 170 3583 964 3657; baseline 0.003 -18"><span class='ocrx_word' id='word_1_376' title='bbox 170 3583 341 3650; x_wconf 77' lang='lat' dir='ltr'><strong>daemonnm,</strong></span> <span class='ocrx_word' id='word_1_377' title='bbox 355 3599 405 3654; x_wconf 92' lang='lat' dir='ltr'><strong>qua</strong></span> <span class='ocrx_word' id='word_1_378' title='bbox 427 3585 592 3655; x_wconf 83' lang='lat' dir='ltr'><strong>promeritis</strong></span> <span class='ocrx_word' id='word_1_379' title='bbox 612 3586 798 3656; x_wconf 82' lang='lat' dir='ltr'><strong>possidebatur</strong></span> <span class='ocrx_word' id='word_1_380' title='bbox 815 3602 900 3657; x_wconf 90' lang='lat' dir='ltr'><strong>genus</strong></span> <span class='ocrx_word' id='word_1_381' title='bbox 914 3587 964 3641; x_wconf 84' lang='lat' dir='ltr'><strong>ltu·</strong></span> 
     </span>
    </p>

    <p class='ocr_par' dir='ltr' id='par_1_11' title="bbox 146 3675 966 4024">
     <span class='ocr_line' id='line_1_38' title="bbox 146 3675 962 3749; baseline 0.006 -20"><span class='ocrx_word' id='word_1_382' title='bbox 146 3697 159 3714; x_wconf 66' lang='grc' dir='ltr'>ν</span> <span class='ocrx_word' id='word_1_383' title='bbox 171 3687 290 3742; x_wconf 91' lang='lat' dir='ltr'><strong>manum,</strong></span> <span class='ocrx_word' id='word_1_384' title='bbox 307 3675 353 3731; x_wconf 85' lang='lat' dir='ltr'><strong>bei</strong></span> <span class='ocrx_word' id='word_1_385' title='bbox 363 3675 510 3744; x_wconf 86' lang='lat' dir='ltr'><strong>humilitas,</strong></span> <span class='ocrx_word' id='word_1_386' title='bbox 521 3694 580 3748; x_wconf 72' lang='lat' dir='ltr'><strong>quae</strong></span> <span class='ocrx_word' id='word_1_387' title='bbox 592 3679 619 3732; x_wconf 93' lang='lat' dir='ltr'><strong>in</strong></span> <span class='ocrx_word' id='word_1_388' title='bbox 629 3678 712 3733; x_wconf 89' lang='lat' dir='ltr'><strong>iorma</strong></span> <span class='ocrx_word' id='word_1_389' title='bbox 725 3678 798 3734; x_wconf 81' lang='lat' dir='ltr'><strong>servi</strong></span> <span class='ocrx_word' id='word_1_390' title='bbox 810 3680 930 3749; x_wconf 88' lang='lat' dir='ltr'><strong>apparuit</strong></span> <span class='ocrx_word' id='word_1_391' title='bbox 939 3677 962 3745; x_wconf 76' lang='lat'><strong>⁸,</strong></span> 
     </span>
     <span class='ocr_line' id='line_1_39' title="bbox 172 3760 965 3837; baseline 0.011 -16"><span class='ocrx_word' id='word_1_392' title='bbox 172 3760 301 3837; x_wconf 82' lang='lat' dir='ltr'><strong>quoniam</strong></span> <span class='ocrx_word' id='word_1_393' title='bbox 316 3769 441 3826; x_wconf 78' lang='lat' dir='ltr'><strong>virtutem</strong></span> <span class='ocrx_word' id='word_1_394' title='bbox 456 3770 570 3834; x_wconf 83' lang='lat' dir='ltr'><strong>lrabeat,</strong></span> <span class='ocrx_word' id='word_1_395' title='bbox 583 3773 679 3828; x_wconf 74' lang='lat' dir='ltr'><strong>animae</strong></span> <span class='ocrx_word' id='word_1_396' title='bbox 692 3773 828 3828; x_wconf 86' lang='lat' dir='ltr'><strong>hominum</strong></span> <span class='ocrx_word' id='word_1_397' title='bbox 844 3774 965 3833; x_wconf 87' lang='lat' dir='ltr'><strong>nesciunt</strong></span> 
     </span>
     <span class='ocr_line' id='line_1_40' title="bbox 171 3859 966 3929; baseline 0.014 -16"><span class='ocrx_word' id='word_1_398' title='bbox 171 3859 340 3917; x_wconf 90' lang='lat' dir='ltr'><strong>immunditia</strong></span> <span class='ocrx_word' id='word_1_399' title='bbox 354 3863 478 3920; x_wconf 84' lang='lat' dir='ltr'><strong>elationis</strong></span> <span class='ocrx_word' id='word_1_400' title='bbox 492 3865 607 3929; x_wconf 83' lang='lat' dir='ltr'><strong>indatae,</strong></span> <span class='ocrx_word' id='word_1_401' title='bbox 620 3866 786 3924; x_wconf 73' lang='lat' dir='ltr'><strong>daemonibus</strong></span> <span class='ocrx_word' id='word_1_402' title='bbox 797 3869 899 3926; x_wconf 90' lang='lat' dir='ltr'><strong>similes</strong></span> <span class='ocrx_word' id='word_1_403' title='bbox 920 3885 966 3924; x_wconf 88' lang='lat' dir='ltr'><strong>su·</strong></span> 
     </span>
     <span class='ocr_line' id='line_1_41' title="bbox 172 3955 475 4024; baseline 0.007 -14"><span class='ocrx_word' id='word_1_404' title='bbox 172 3955 275 4024; x_wconf 86' lang='lat' dir='ltr'><strong>perbia,</strong></span> <span class='ocrx_word' id='word_1_405' title='bbox 288 3968 341 4011; x_wconf 90' lang='lat' dir='ltr'><strong>non</strong></span> <span class='ocrx_word' id='word_1_406' title='bbox 354 3958 475 4014; x_wconf 86' lang='lat' dir='ltr'><strong>scientia.</strong></span> 
     </span>
    </p>
   </div>
   <div class='ocr_carea' id='block_1_11' title="bbox 171 4065 966 4220">
    <p class='ocr_par' dir='ltr' id='par_1_12' title="bbox 171 4065 966 4220">
     <span class='ocr_line' id='line_1_42' title="bbox 171 4065 966 4141; baseline 0.009 -20"><span class='ocrx_word' id='word_1_407' title='bbox 171 4065 289 4124; x_wconf 73' lang='lat' dir='ltr'>CAPUT</span> <span class='ocrx_word' id='word_1_408' title='bbox 303 4067 374 4124; x_wconf 81' lang='lat' dir='ltr'><strong>xxi.</strong></span> <span class='ocrx_word' id='word_1_409' title='bbox 392 4099 429 4113; x_wconf 88' lang='lat'><strong>·-</strong></span> <span class='ocrx_word' id='word_1_410' title='bbox 449 4070 581 4141; x_wconf 74' lang='lat' dir='ltr'><strong>Aliquem</strong></span> <span class='ocrx_word' id='word_1_411' title='bbox 602 4074 705 4129; x_wconf 85' lang='lat' dir='ltr'><strong>medum</strong></span> <span class='ocrx_word' id='word_1_412' title='bbox 725 4074 849 4130; x_wconf 85' lang='lat' dir='ltr'><strong>Dominus</strong></span> <span class='ocrx_word' id='word_1_413' title='bbox 861 4075 966 4130; x_wconf 70' lang='lat' dir='ltr'><strong>eeinmit</strong></span> 
     </span>
     <span class='ocr_line' id='line_1_43' title="bbox 401 4161 730 4220; baseline 0.012 -5"><span class='ocrx_word' id='word_1_414' title='bbox 401 4161 555 4218; x_wconf 77' lang='lat' dir='ltr'><strong>demonibus</strong></span> <span class='ocrx_word' id='word_1_415' title='bbox 568 4164 730 4220; x_wconf 84' lang='lat' dir='ltr'><strong>innotescere.</strong></span> 
     </span>
    </p>
   </div>
   <div class='ocr_carea' id='block_1_12' title="bbox 124 4271 968 4991">
    <p class='ocr_par' dir='ltr' id='par_1_13' title="bbox 124 4271 968 4991">
     <span class='ocr_line' id='line_1_44' title="bbox 207 4271 966 4344; baseline 0.013 -19"><span class='ocrx_word' id='word_1_416' title='bbox 207 4271 261 4342; x_wconf 87' lang='lat' dir='ltr'><strong>lpsi</strong></span> <span class='ocrx_word' id='word_1_417' title='bbox 276 4279 365 4329; x_wconf 89' lang='lat' dir='ltr'><strong>autem</strong></span> <span class='ocrx_word' id='word_1_418' title='bbox 379 4271 515 4329; x_wconf 81' lang='lat' dir='ltr'><strong>daemones</strong></span> <span class='ocrx_word' id='word_1_419' title='bbox 528 4275 606 4330; x_wconf 91' lang='lat' dir='ltr'><strong>ctiam</strong></span> <span class='ocrx_word' id='word_1_420' title='bbox 619 4274 671 4332; x_wconf 89' lang='lat' dir='ltr'><strong>hee</strong></span> <span class='ocrx_word' id='word_1_421' title='bbox 681 4276 715 4331; x_wconf 95' lang='lat' dir='ltr'><strong>ita</strong></span> <span class='ocrx_word' id='word_1_422' title='bbox 728 4277 824 4344; x_wconf 90' lang='lat' dir='ltr'><strong>sciunt,</strong></span> <span class='ocrx_word' id='word_1_423' title='bbox 839 4285 868 4333; x_wconf 92' lang='lat' dir='ltr'><strong>ut</strong></span> <span class='ocrx_word' id='word_1_424' title='bbox 880 4277 966 4335; x_wconf 87' lang='lat' dir='ltr'><strong>eidem</strong></span> 
     </span>
     <span class='ocr_line' id='line_1_45' title="bbox 174 4362 967 4437; baseline 0.01 -19"><span class='ocrx_word' id='word_1_425' title='bbox 174 4362 289 4420; x_wconf 82' lang='lat' dir='ltr'><strong>bomine</strong></span> <span class='ocrx_word' id='word_1_426' title='bbox 304 4362 457 4420; x_wconf 77' lang='lat' dir='ltr'><strong>infirmitate</strong></span> <span class='ocrx_word' id='word_1_427' title='bbox 467 4366 554 4421; x_wconf 89' lang='lat' dir='ltr'><strong>camis</strong></span> <span class='ocrx_word' id='word_1_428' title='bbox 564 4365 656 4422; x_wconf 91' lang='lat' dir='ltr'><strong>indute</strong></span> <span class='ocrx_word' id='word_1_429' title='bbox 668 4367 801 4424; x_wconf 83' lang='lat' dir='ltr'><strong>dixerint:</strong></span> <span class='ocrx_word' id='word_1_430' title='bbox 815 4368 884 4437; x_wconf 85' lang='lat' dir='ltr'><strong>Quid</strong></span> <span class='ocrx_word' id='word_1_431' title='bbox 896 4371 967 4426; x_wconf 81' lang='lat' dir='ltr'><strong>nolis</strong></span> 
     </span>
     <span class='ocr_line' id='line_1_46' title="bbox 172 4453 966 4532; baseline 0.009 -23"><span class='ocrx_word' id='word_1_432' title='bbox 172 4467 199 4510; x_wconf 86' lang='lat' dir='ltr'><strong>et</strong></span> <span class='ocrx_word' id='word_1_433' title='bbox 210 4457 265 4522; x_wconf 83' lang='lat' dir='ltr'><strong>tibi,</strong></span> <span class='ocrx_word' id='word_1_434' title='bbox 275 4453 340 4511; x_wconf 76' lang='lat' dir='ltr'><strong>iesu</strong></span> <span class='ocrx_word' id='word_1_435' title='bbox 353 4453 777 4529; x_wconf 76' lang='lat' dir='ltr'><strong>Nozorcneineniationtetempna</strong></span> <span class='ocrx_word' id='word_1_436' title='bbox 788 4461 966 4532; x_wconf 70' lang='lat' dir='ltr'><strong>ponderosos*</strong></span> 
     </span>
     <span class='ocr_line' id='line_1_47' title="bbox 124 4539 967 4624; baseline 0.011 -24"><span class='ocrx_word' id='word_1_437' title='bbox 124 4539 128 4544; x_wconf 70' lang='grc'><em>’</em></span> <span class='ocrx_word' id='word_1_438' title='bbox 175 4546 279 4618; x_wconf 83' lang='lat' dir='ltr'><strong>(liare.</strong></span> <span class='ocrx_word' id='word_1_439' title='bbox 295 4562 314 4613; x_wconf 90' lang='lat' dir='ltr'><strong>r,</strong></span> <span class='ocrx_word' id='word_1_440' title='bbox 327 4547 378 4611; x_wconf 74' lang='lat' dir='ltr'><strong>ut;</strong></span> <span class='ocrx_word' id='word_1_441' title='bbox 395 4559 420 4603; x_wconf 90' lang='lat' dir='ltr'><strong>et</strong></span> <span class='ocrx_word' id='word_1_442' title='bbox 440 4548 533 4604; x_wconf 76' lang='lat' dir='ltr'><strong>Metti.</strong></span> <span class='ocrx_word' id='word_1_443' title='bbox 550 4566 610 4617; x_wconf 85' lang='lat' dir='ltr'><strong>unt,</strong></span> <span class='ocrx_word' id='word_1_444' title='bbox 624 4549 817 4624; x_wconf 70' lang='lat' dir='ltr'><strong>ablactatum</strong></span> <span class='ocrx_word' id='word_1_445' title='bbox 830 4552 910 4608; x_wconf 91' lang='lat' dir='ltr'><strong>estin</strong></span> <span class='ocrx_word' id='word_1_446' title='bbox 925 4553 967 4609; x_wconf 90' lang='lat' dir='ltr'><strong>ltis</strong></span> 
     </span>
     <span class='ocr_line' id='line_1_48' title="bbox 175 4639 967 4709; baseline 0.009 -16"><span class='ocrx_word' id='word_1_447' title='bbox 175 4639 277 4704; x_wconf 82' lang='lat' dir='ltr'><strong>verbis,</strong></span> <span class='ocrx_word' id='word_1_448' title='bbox 292 4639 362 4709; x_wconf 95' lang='lat' dir='ltr'><strong>quod</strong></span> <span class='ocrx_word' id='word_1_449' title='bbox 377 4640 403 4695; x_wconf 93' lang='lat' dir='ltr'><strong>in</strong></span> <span class='ocrx_word' id='word_1_450' title='bbox 419 4641 458 4696; x_wconf 90' lang='lat' dir='ltr'><strong>eis</strong></span> <span class='ocrx_word' id='word_1_451' title='bbox 471 4651 498 4697; x_wconf 92' lang='lat' dir='ltr'><strong>et</strong></span> <span class='ocrx_word' id='word_1_452' title='bbox 512 4650 584 4697; x_wconf 91' lang='lat' dir='ltr'><strong>tanta</strong></span> <span class='ocrx_word' id='word_1_453' title='bbox 597 4642 708 4698; x_wconf 89' lang='lat' dir='ltr'><strong>seientia</strong></span> <span class='ocrx_word' id='word_1_454' title='bbox 729 4651 797 4708; x_wconf 86' lang='lat' dir='ltr'><strong>erat,</strong></span> <span class='ocrx_word' id='word_1_455' title='bbox 812 4652 839 4698; x_wconf 87' lang='lat' dir='ltr'><strong>et</strong></span> <span class='ocrx_word' id='word_1_456' title='bbox 852 4643 967 4700; x_wconf 86' lang='lat' dir='ltr'><strong>ebaritas</strong></span> 
     </span>
     <span class='ocr_line' id='line_1_49' title="bbox 176 4731 966 4805; baseline 0.013 -21"><span class='ocrx_word' id='word_1_457' title='bbox 176 4739 305 4787; x_wconf 79' lang='lat' dir='ltr'><strong>notuerat.</strong></span> <span class='ocrx_word' id='word_1_458' title='bbox 315 4731 423 4787; x_wconf 69' lang='lat' dir='ltr'><strong>Poenam</strong></span> <span class='ocrx_word' id='word_1_459' title='bbox 432 4734 612 4805; x_wconf 89' lang='lat' dir='ltr'><strong>quippesuatu</strong></span> <span class='ocrx_word' id='word_1_460' title='bbox 621 4733 839 4792; x_wconf 78' lang='lat' dir='ltr'><strong>formidabautab</strong></span> <span class='ocrx_word' id='word_1_461' title='bbox 849 4736 904 4804; x_wconf 94' lang='lat' dir='ltr'><strong>iilo,</strong></span> <span class='ocrx_word' id='word_1_462' title='bbox 914 4754 966 4794; x_wconf 91' lang='lat' dir='ltr'><strong>uon</strong></span> 
     </span>
     <span class='ocr_line' id='line_1_50' title="bbox 176 4821 966 4899; baseline 0.013 -24"><span class='ocrx_word' id='word_1_463' title='bbox 176 4821 203 4875; x_wconf 92' lang='lat' dir='ltr'><strong>in</strong></span> <span class='ocrx_word' id='word_1_464' title='bbox 219 4821 264 4877; x_wconf 93' lang='lat' dir='ltr'><strong>illo</strong></span> <span class='ocrx_word' id='word_1_465' title='bbox 275 4821 404 4892; x_wconf 78' lang='lat' dir='ltr'><strong>justitiam</strong></span> <span class='ocrx_word' id='word_1_466' title='bbox 417 4823 570 4895; x_wconf 84' lang='lat' dir='ltr'><strong>diligebant.</strong></span> <span class='ocrx_word' id='word_1_467' title='bbox 586 4825 698 4881; x_wconf 82' lang='lat' dir='ltr'><strong>Tannum</strong></span> <span class='ocrx_word' id='word_1_468' title='bbox 713 4842 777 4882; x_wconf 84' lang='lat' dir='ltr'><strong>uero</strong></span> <span class='ocrx_word' id='word_1_469' title='bbox 791 4828 829 4883; x_wconf 89' lang='lat' dir='ltr'><strong>eis</strong></span> <span class='ocrx_word' id='word_1_470' title='bbox 843 4829 966 4899; x_wconf 88' lang='lat' dir='ltr'><strong>innotuit,</strong></span> 
     </span>
     <span class='ocr_line' id='line_1_51' title="bbox 176 4914 968 4991; baseline 0.015 -26"><span class='ocrx_word' id='word_1_471' title='bbox 176 4921 304 4982; x_wconf 87' lang='lat' dir='ltr'><strong>quantum</strong></span> <span class='ocrx_word' id='word_1_472' title='bbox 316 4914 412 4969; x_wconf 85' lang='lat' dir='ltr'><strong>voluit:</strong></span> <span class='ocrx_word' id='word_1_473' title='bbox 424 4923 526 4971; x_wconf 92' lang='lat' dir='ltr'><strong>tantum</strong></span> <span class='ocrx_word' id='word_1_474' title='bbox 540 4925 630 4974; x_wconf 76' lang='lat' dir='ltr'><strong>aunem</strong></span> <span class='ocrx_word' id='word_1_475' title='bbox 646 4916 740 4985; x_wconf 83' lang='lat' dir='ltr'><strong>voluit,</strong></span> <span class='ocrx_word' id='word_1_476' title='bbox 756 4926 882 4989; x_wconf 89' lang='lat' dir='ltr'><strong>quantum</strong></span> <span class='ocrx_word' id='word_1_477' title='bbox 893 4935 968 4991; x_wconf 92' lang='lat' dir='ltr'><strong>opor·</strong></span> 
     </span>
    </p>
   </div>
   <div class='ocr_carea' id='block_1_13' title="bbox 178 5043 969 5546">
    <p class='ocr_par' dir='ltr' id='par_1_14' title="bbox 209 5043 629 5102">
     <span class='ocr_line' id='line_1_52' title="bbox 209 5043 629 5102; baseline 0.012 -7"><span class='ocrx_word' id='word_1_478' title='bbox 209 5043 401 5101; x_wconf 53' lang='lat' dir='ltr'><strong>tunsionum</strong></span> <span class='ocrx_word' id='word_1_479' title='bbox 426 5047 578 5102; x_wconf 73' lang='lat' dir='ltr'><strong>remittor.</strong></span> <span class='ocrx_word' id='word_1_480' title='bbox 600 5056 629 5100; x_wconf 85' lang='lat' dir='ltr'><strong>lt.</strong></span> 
     </span>
    </p>

    <p class='ocr_par' dir='ltr' id='par_1_15' title="bbox 209 5107 596 5170">
     <span class='ocr_line' id='line_1_53' title="bbox 209 5107 596 5170; baseline 0.016 -14"><span class='ocrx_word' id='word_1_481' title='bbox 209 5107 386 5159; x_wconf 50' lang='lat' dir='ltr'><strong>&#39;aseddim</strong></span> <span class='ocrx_word' id='word_1_482' title='bbox 457 5124 535 5170; x_wconf 80' lang='lat' dir='ltr'><strong>,raom</strong></span> <span class='ocrx_word' id='word_1_483' title='bbox 567 5118 596 5163; x_wconf 85' lang='lat' dir='ltr'><strong>u.</strong></span> 
     </span>
    </p>

    <p class='ocr_par' dir='ltr' id='par_1_16' title="bbox 178 5168 969 5487">
     <span class='ocr_line' id='line_1_54' title="bbox 210 5168 968 5240; baseline 0.012 -22"><span class='ocrx_word' id='word_1_484' title='bbox 210 5168 306 5240; x_wconf 65' lang='lat' dir='ltr'><strong>{vind</strong></span> <span class='ocrx_word' id='word_1_485' title='bbox 323 5176 350 5219; x_wconf 88' lang='lat' dir='ltr'><strong>et</strong></span> <span class='ocrx_word' id='word_1_486' title='bbox 364 5175 428 5229; x_wconf 76' lang='lat' dir='ltr'><strong>uss,</strong></span> <span class='ocrx_word' id='word_1_487' title='bbox 439 5171 608 5240; x_wconf 83' lang='lat' dir='ltr'><strong>sotiaeqerint.</strong></span> <span class='ocrx_word' id='word_1_488' title='bbox 625 5175 661 5225; x_wconf 86' lang='lat' dir='ltr'><strong>sie</strong></span> <span class='ocrx_word' id='word_1_489' title='bbox 671 5172 725 5223; x_wconf 88' lang='lat' dir='ltr'><strong>aliis</strong></span> <span class='ocrx_word' id='word_1_490' title='bbox 742 5172 801 5225; x_wconf 90' lang='lat' dir='ltr'><strong>loeis</strong></span> <span class='ocrx_word' id='word_1_491' title='bbox 820 5181 968 5238; x_wconf 83' lang='lat' dir='ltr'><strong>mustauter,</strong></span> 
     </span>
     <span class='ocr_line' id='line_1_55' title="bbox 178 5236 969 5369; baseline 0.015 -29"><span class='ocrx_word' id='word_1_492' title='bbox 178 5236 306 5367; x_wconf 41' lang='lat' dir='ltr'><strong>uvam}</strong></span> <span class='ocrx_word' id='word_1_493' title='bbox 314 5239 545 5368; x_wconf 52' lang='lat' dir='ltr'><strong>fif’ffli&#39;ssmqs</strong></span> <span class='ocrx_word' id='word_1_494' title='bbox 554 5297 715 5369; x_wconf 76' lang='lat' dir='ltr'><strong>manuscripti,</strong></span> <span class='ocrx_word' id='word_1_495' title='bbox 726 5310 780 5368; x_wconf 76' lang='lat' dir='ltr'><strong>qnae</strong></span> <span class='ocrx_word' id='word_1_496' title='bbox 791 5297 816 5347; x_wconf 90' lang='lat' dir='ltr'><strong>in</strong></span> <span class='ocrx_word' id='word_1_497' title='bbox 826 5297 919 5350; x_wconf 79' lang='lat' dir='ltr'><strong>citrino</strong></span> <span class='ocrx_word' id='word_1_498' title='bbox 927 5313 969 5363; x_wconf 83' lang='lat' dir='ltr'><strong>np-</strong></span> 
     </span>
     <span class='ocr_line' id='line_1_56' title="bbox 178 5353 969 5424; baseline 0.013 -24"><span class='ocrx_word' id='word_1_499' title='bbox 178 5358 270 5424; x_wconf 80' lang='lat' dir='ltr'><strong>pnrutt.</strong></span> <span class='ocrx_word' id='word_1_500' title='bbox 282 5353 391 5404; x_wconf 80' lang='lat' dir='ltr'><strong>nonnulli</strong></span> <span class='ocrx_word' id='word_1_501' title='bbox 403 5363 504 5406; x_wconf 85' lang='lat' dir='ltr'><strong>ueteres</strong></span> <span class='ocrx_word' id='word_1_502' title='bbox 514 5356 579 5416; x_wconf 82' lang='lat' dir='ltr'><strong>ldtrt,</strong></span> <span class='ocrx_word' id='word_1_503' title='bbox 597 5370 638 5422; x_wconf 83' lang='lat' dir='ltr'><strong>qao</strong></span> <span class='ocrx_word' id='word_1_504' title='bbox 654 5371 680 5408; x_wconf 87' lang='lat' dir='ltr'><strong>tn</strong></span> <span class='ocrx_word' id='word_1_505' title='bbox 694 5357 788 5409; x_wconf 80' lang='lat' dir='ltr'><strong>citmsto</strong></span> <span class='ocrx_word' id='word_1_506' title='bbox 806 5359 928 5424; x_wconf 79' lang='lat' dir='ltr'><strong>opposuit.</strong></span> <span class='ocrx_word' id='word_1_507' title='bbox 938 5387 969 5398; x_wconf 91' lang='lat'>-</span> 
     </span>
     <span class='ocr_line' id='line_1_57' title="bbox 178 5415 791 5487; baseline 0.008 -24"><span class='ocrx_word' id='word_1_508' title='bbox 178 5422 215 5463; x_wconf 82' lang='lat' dir='ltr'><strong>stc</strong></span> <span class='ocrx_word' id='word_1_509' title='bbox 225 5415 385 5466; x_wconf 86' lang='lat' dir='ltr'><strong>corbeiensis.</strong></span> <span class='ocrx_word' id='word_1_510' title='bbox 397 5416 441 5466; x_wconf 88' lang='lat' dir='ltr'><strong>sed</strong></span> <span class='ocrx_word' id='word_1_511' title='bbox 454 5425 479 5487; x_wconf 70' lang='lat' dir='ltr'><strong>a,</strong></span> <span class='ocrx_word' id='word_1_512' title='bbox 493 5425 515 5477; x_wconf 87' lang='lat' dir='ltr'><strong>n,</strong></span> <span class='ocrx_word' id='word_1_513' title='bbox 525 5425 541 5466; x_wconf 93' lang='lat' dir='ltr'><strong>c</strong></span> <span class='ocrx_word' id='word_1_514' title='bbox 552 5426 579 5469; x_wconf 94' lang='lat' dir='ltr'><strong>ut</strong></span> <span class='ocrx_word' id='word_1_515' title='bbox 589 5421 679 5471; x_wconf 91' lang='lat' dir='ltr'><strong>editum</strong></span> <span class='ocrx_word' id='word_1_516' title='bbox 688 5428 736 5469; x_wconf 89' lang='lat' dir='ltr'><strong>est.</strong></span> <span class='ocrx_word' id='word_1_517' title='bbox 763 5429 791 5469; x_wconf 87' lang='grc' dir='ltr'><strong>ιι.</strong></span> 
     </span>
    </p>

    <p class='ocr_par' dir='ltr' id='par_1_17' title="bbox 211 5478 968 5546">
     <span class='ocr_line' id='line_1_58' title="bbox 211 5478 968 5546; baseline 0.015 -23"><span class='ocrx_word' id='word_1_518' title='bbox 211 5478 222 5507; x_wconf 83' lang='lat'><strong>¹</strong></span> <span class='ocrx_word' id='word_1_519' title='bbox 239 5483 328 5526; x_wconf 86' lang='lat' dir='ltr'><strong>onmes</strong></span> <span class='ocrx_word' id='word_1_520' title='bbox 339 5484 402 5537; x_wconf 82' lang='lat' dir='ltr'><strong>uss,</strong></span> <span class='ocrx_word' id='word_1_521' title='bbox 415 5478 497 5528; x_wconf 73' lang='lat' dir='ltr'><strong>renati</strong></span> <span class='ocrx_word' id='word_1_522' title='bbox 508 5480 609 5542; x_wconf 75' lang='lat' dir='ltr'><strong>perdere</strong></span> <span class='ocrx_word' id='word_1_523' title='bbox 620 5481 682 5531; x_wconf 86' lang='lat' dir='ltr'><strong>nos?</strong></span> <span class='ocrx_word' id='word_1_524' title='bbox 692 5483 789 5542; x_wconf 83' lang='lat' dir='ltr'><strong>omisso,</strong></span> <span class='ocrx_word' id='word_1_525' title='bbox 802 5489 857 5533; x_wconf 77' lang='lat' dir='ltr'><strong>mete</strong></span> <span class='ocrx_word' id='word_1_526' title='bbox 868 5490 968 5546; x_wconf 81' lang='lat' dir='ltr'><strong>tempas.</strong></span> 
     </span>
    </p>
   </div>
   <div class='ocr_carea' id='block_1_14' title="bbox 148 5522 972 5834">
    <p class='ocr_par' dir='ltr' id='par_1_18' title="bbox 148 5522 972 5834">
     <span class='ocr_line' id='line_1_59' title="bbox 167 5522 970 5621; baseline 0.012 -36"><span class='ocrx_word' id='word_1_527' title='bbox 167 5522 173 5563; x_wconf 68' lang='lat'>⁸</span> <span class='ocrx_word' id='word_1_528' title='bbox 211 5535 249 5621; x_wconf 73' lang='lat' dir='ltr'><strong>(a)</strong></span> <span class='ocrx_word' id='word_1_529' title='bbox 260 5543 377 5610; x_wconf 66' lang='lat' dir='ltr'><strong>cequaeus</strong></span> <span class='ocrx_word' id='word_1_530' title='bbox 396 5540 435 5588; x_wconf 88' lang='lat' dir='ltr'><strong>bio</strong></span> <span class='ocrx_word' id='word_1_531' title='bbox 457 5548 524 5616; x_wconf 69' lang='lat' dir='ltr'><strong>notat</strong></span> <span class='ocrx_word' id='word_1_532' title='bbox 544 5541 718 5591; x_wconf 90' lang='lat' dir='ltr'><strong>consulendum</strong></span> <span class='ocrx_word' id='word_1_533' title='bbox 733 5544 919 5605; x_wconf 78' lang='lat' dir='ltr'><strong>Tertullianum,</strong></span> <span class='ocrx_word' id='word_1_534' title='bbox 937 5543 970 5595; x_wconf 88' lang='lat' dir='ltr'><strong>de</strong></span> 
     </span>
     <span class='ocr_line' id='line_1_60' title="bbox 167 5603 970 5742; baseline 0.012 -34"><span class='ocrx_word' id='word_1_535' title='bbox 167 5603 607 5742; x_wconf 49' lang='lat' dir='ltr'><strong>qwffiissssffiaeffliof&#39;ppssff,</strong></span> <span class='ocrx_word' id='word_1_536' title='bbox 615 5662 692 5736; x_wconf 78' lang='lat' dir='ltr'><strong>dictos</strong></span> <span class='ocrx_word' id='word_1_537' title='bbox 702 5663 775 5716; x_wconf 90' lang='lat' dir='ltr'><strong>tradit</strong></span> <span class='ocrx_word' id='word_1_538' title='bbox 792 5668 860 5730; x_wconf 86' lang='lat' dir='ltr'><strong>quasi</strong></span> <span class='ocrx_word' id='word_1_539' title='bbox 872 5664 970 5718; x_wconf 75' lang='lat' dir='ltr'><strong>metm</strong></span> 
     </span>
     <span class='ocr_line' id='line_1_61' title="bbox 148 5720 972 5834; baseline 0.01 -62"><span class='ocrx_word' id='word_1_540' title='bbox 148 5747 154 5761; x_wconf 86' lang='lat'><strong>·</strong></span> <span class='ocrx_word' id='word_1_541' title='bbox 181 5720 268 5834; x_wconf 52' lang='lat' dir='ltr'><strong>md</strong></span> <span class='ocrx_word' id='word_1_542' title='bbox 291 5729 330 5774; x_wconf 83' lang='lat' dir='ltr'><strong>est</strong></span> <span class='ocrx_word' id='word_1_543' title='bbox 347 5731 439 5787; x_wconf 80' lang='lat' dir='ltr'><strong>peritos</strong></span> <span class='ocrx_word' id='word_1_544' title='bbox 456 5737 484 5775; x_wconf 89' lang='lat' dir='ltr'><strong>ac</strong></span> <span class='ocrx_word' id='word_1_545' title='bbox 504 5736 586 5775; x_wconf 81' lang='lat' dir='ltr'><strong>rerum</strong></span> <span class='ocrx_word' id='word_1_546' title='bbox 606 5737 677 5776; x_wconf 84' lang='lat' dir='ltr'><strong>snos.</strong></span> <span class='ocrx_word' id='word_1_547' title='bbox 700 5725 972 5792; x_wconf 59' lang='lat' dir='ltr'><strong>intermanentes</strong></span> 
     </span>
    </p>
   </div>
   <div class='ocr_carea' id='block_1_15' title="bbox 1011 1994 1804 2701">
    <p class='ocr_par' dir='ltr' id='par_1_19' title="bbox 1011 1994 1804 2701">
     <span class='ocr_line' id='line_1_62' title="bbox 1011 1994 1801 2070; baseline -0.01 -19"><span class='ocrx_word' id='word_1_548' title='bbox 1011 2015 1089 2070; x_wconf 90' lang='lat' dir='ltr'><strong>quem</strong></span> <span class='ocrx_word' id='word_1_549' title='bbox 1101 1999 1218 2070; x_wconf 88' lang='lat' dir='ltr'><strong>gerebat,</strong></span> <span class='ocrx_word' id='word_1_550' title='bbox 1227 1997 1260 2052; x_wconf 91' lang='lat' dir='ltr'><strong>ad</strong></span> <span class='ocrx_word' id='word_1_551' title='bbox 1272 2005 1369 2052; x_wconf 75' lang='lat' dir='ltr'><strong>nostrae</strong></span> <span class='ocrx_word' id='word_1_552' title='bbox 1379 1994 1701 2062; x_wconf 88' lang='lat' dir='ltr'><strong>imitationistemperaret</strong></span> <span class='ocrx_word' id='word_1_553' title='bbox 1709 2005 1801 2046; x_wconf 84' lang='lat' dir='ltr'><strong>exem·</strong></span> 
     </span>
     <span class='ocr_line' id='line_1_63' title="bbox 1013 2080 1802 2161; baseline -0.015 -15"><span class='ocrx_word' id='word_1_554' title='bbox 1013 2091 1095 2161; x_wconf 88' lang='lat' dir='ltr'><strong>pium.</strong></span> <span class='ocrx_word' id='word_1_555' title='bbox 1110 2091 1173 2146; x_wconf 87' lang='lat' dir='ltr'><strong>Post</strong></span> <span class='ocrx_word' id='word_1_556' title='bbox 1186 2090 1257 2145; x_wconf 92' lang='lat' dir='ltr'><strong>illam</strong></span> <span class='ocrx_word' id='word_1_557' title='bbox 1272 2102 1335 2144; x_wconf 79' lang='lat' dir='ltr'><strong>rore</strong></span> <span class='ocrx_word' id='word_1_558' title='bbox 1349 2086 1533 2151; x_wconf 91' lang='lat' dir='ltr'><strong>tentationem,</strong></span> <span class='ocrx_word' id='word_1_559' title='bbox 1544 2098 1604 2139; x_wconf 91' lang='lat' dir='ltr'><strong>cnm</strong></span> <span class='ocrx_word' id='word_1_560' title='bbox 1620 2081 1723 2152; x_wconf 89' lang='lat' dir='ltr'><strong>llngeli,</strong></span> <span class='ocrx_word' id='word_1_561' title='bbox 1733 2080 1802 2136; x_wconf 89' lang='lat' dir='ltr'><strong>sicut</strong></span> 
     </span>
     <span class='ocr_line' id='line_1_64' title="bbox 1012 2174 1802 2254; baseline -0.014 -15"><span class='ocrx_word' id='word_1_562' title='bbox 1012 2184 1205 2254; x_wconf 89' lang='lat' dir='ltr'><strong>scriptumest,</strong></span> <span class='ocrx_word' id='word_1_563' title='bbox 1220 2183 1402 2237; x_wconf 85' lang='lat' dir='ltr'><strong>ministrarent</strong></span> <span class='ocrx_word' id='word_1_564' title='bbox 1412 2180 1436 2234; x_wconf 92' lang='lat' dir='ltr'><strong>ei</strong></span> <span class='ocrx_word' id='word_1_565' title='bbox 1453 2177 1564 2250; x_wconf 80' lang='lat' dir='ltr'><strong>(narrt.</strong></span> <span class='ocrx_word' id='word_1_566' title='bbox 1577 2193 1612 2240; x_wconf 84' lang='lat' dir='ltr'><strong>tn,</strong></span> <span class='ocrx_word' id='word_1_567' title='bbox 1626 2174 1724 2246; x_wconf 61' lang='grc'><strong>541),</strong></span> <span class='ocrx_word' id='word_1_568' title='bbox 1739 2175 1802 2229; x_wconf 90' lang='lat' dir='ltr'><strong>boni</strong></span> 
     </span>
     <span class='ocr_line' id='line_1_65' title="bbox 1012 2264 1804 2344; baseline -0.01 -16"><span class='ocrx_word' id='word_1_569' title='bbox 1012 2275 1103 2344; x_wconf 87' lang='lat' dir='ltr'><strong>utique</strong></span> <span class='ocrx_word' id='word_1_570' title='bbox 1116 2281 1145 2328; x_wconf 92' lang='lat' dir='ltr'><strong>et</strong></span> <span class='ocrx_word' id='word_1_571' title='bbox 1158 2273 1252 2340; x_wconf 88' lang='lat' dir='ltr'><strong>saneti,</strong></span> <span class='ocrx_word' id='word_1_572' title='bbox 1266 2286 1297 2332; x_wconf 91' lang='lat' dir='ltr'><strong>ae</strong></span> <span class='ocrx_word' id='word_1_573' title='bbox 1311 2286 1360 2342; x_wconf 89' lang='lat' dir='ltr'><strong>per</strong></span> <span class='ocrx_word' id='word_1_574' title='bbox 1372 2271 1421 2326; x_wconf 89' lang='lat' dir='ltr'><strong>ltoe</strong></span> <span class='ocrx_word' id='word_1_575' title='bbox 1435 2268 1571 2340; x_wconf 87' lang='lat' dir='ltr'><strong>spiritibus</strong></span> <span class='ocrx_word' id='word_1_576' title='bbox 1591 2264 1734 2321; x_wconf 91' lang='lat' dir='ltr'><strong>innuundis</strong></span> <span class='ocrx_word' id='word_1_577' title='bbox 1743 2279 1804 2320; x_wconf 86' lang='lat' dir='ltr'><strong>nte·</strong></span> 
     </span>
     <span class='ocr_line' id='line_1_66' title="bbox 1012 2357 1802 2434; baseline -0.011 -13"><span class='ocrx_word' id='word_1_578' title='bbox 1012 2366 1103 2422; x_wconf 88' lang='lat' dir='ltr'><strong>tuendi</strong></span> <span class='ocrx_word' id='word_1_579' title='bbox 1115 2376 1142 2421; x_wconf 90' lang='lat' dir='ltr'><strong>et</strong></span> <span class='ocrx_word' id='word_1_580' title='bbox 1153 2365 1294 2431; x_wconf 90' lang='lat' dir='ltr'><strong>tremendi,</strong></span> <span class='ocrx_word' id='word_1_581' title='bbox 1307 2365 1391 2434; x_wconf 87' lang='lat' dir='ltr'><strong>magis</strong></span> <span class='ocrx_word' id='word_1_582' title='bbox 1401 2363 1537 2433; x_wconf 80' lang='lat' dir='ltr'><strong>magisque</strong></span> <span class='ocrx_word' id='word_1_583' title='bbox 1550 2358 1734 2416; x_wconf 87' lang='lat' dir='ltr'><strong>innotescebat</strong></span> <span class='ocrx_word' id='word_1_584' title='bbox 1745 2357 1802 2413; x_wconf 76' lang='lat' dir='ltr'><strong>dno·</strong></span> 
     </span>
     <span class='ocr_line' id='line_1_67' title="bbox 1013 2450 1803 2530; baseline -0.008 -16"><span class='ocrx_word' id='word_1_585' title='bbox 1013 2460 1135 2515; x_wconf 88' lang='lat' dir='ltr'><strong>menibus</strong></span> <span class='ocrx_word' id='word_1_586' title='bbox 1147 2469 1261 2530; x_wconf 89' lang='lat' dir='ltr'><strong>quantus</strong></span> <span class='ocrx_word' id='word_1_587' title='bbox 1272 2467 1361 2522; x_wconf 90' lang='lat' dir='ltr'><strong>esset,</strong></span> <span class='ocrx_word' id='word_1_588' title='bbox 1375 2465 1404 2511; x_wconf 95' lang='lat' dir='ltr'><strong>ut</strong></span> <span class='ocrx_word' id='word_1_589' title='bbox 1416 2457 1440 2512; x_wconf 89' lang='lat' dir='ltr'><strong>ei</strong></span> <span class='ocrx_word' id='word_1_590' title='bbox 1453 2456 1567 2526; x_wconf 83' lang='lat' dir='ltr'><strong>jubenti,</strong></span> <span class='ocrx_word' id='word_1_591' title='bbox 1581 2453 1701 2525; x_wconf 82' lang='lat' dir='ltr'><strong>quamuis</strong></span> <span class='ocrx_word' id='word_1_592' title='bbox 1715 2451 1741 2507; x_wconf 93' lang='lat' dir='ltr'><strong>in</strong></span> <span class='ocrx_word' id='word_1_593' title='bbox 1757 2450 1803 2508; x_wconf 90' lang='lat' dir='ltr'><strong>illo</strong></span> 
     </span>
     <span class='ocr_line' id='line_1_68' title="bbox 1012 2549 1803 2624; baseline -0.008 -16"><span class='ocrx_word' id='word_1_594' title='bbox 1012 2553 1218 2624; x_wconf 79' lang='lat' dir='ltr'><strong>cointemptibilis</strong></span> <span class='ocrx_word' id='word_1_595' title='bbox 1239 2553 1373 2609; x_wconf 85' lang='lat' dir='ltr'><strong>uideretur</strong></span> <span class='ocrx_word' id='word_1_596' title='bbox 1390 2552 1478 2608; x_wconf 74' lang='lat' dir='ltr'><strong>carinis</strong></span> <span class='ocrx_word' id='word_1_597' title='bbox 1502 2550 1656 2618; x_wconf 87' lang='lat' dir='ltr'><strong>intirmitas,</strong></span> <span class='ocrx_word' id='word_1_598' title='bbox 1679 2549 1803 2603; x_wconf 77' lang='lat' dir='ltr'><strong>resistere</strong></span> 
     </span>
     <span class='ocr_line' id='line_1_69' title="bbox 1013 2646 1233 2701; baseline -0.009 -1"><span class='ocrx_word' id='word_1_599' title='bbox 1013 2646 1102 2700; x_wconf 91' lang='lat' dir='ltr'><strong>nullus</strong></span> <span class='ocrx_word' id='word_1_600' title='bbox 1114 2647 1233 2701; x_wconf 87' lang='lat' dir='ltr'><strong>auderet.</strong></span> 
     </span>
    </p>
   </div>
   <div class='ocr_carea' id='block_1_16' title="bbox 1012 2748 1807 2945">
    <p class='ocr_par' dir='ltr' id='par_1_20' title="bbox 1012 2748 1807 2945">
     <span class='ocr_line' id='line_1_70' title="bbox 1012 2748 1807 2850; baseline -0.01 -10"><span class='ocrx_word' id='word_1_601' title='bbox 1012 2781 1125 2840; x_wconf 67' lang='lat' dir='ltr'><strong>CAPUT</strong></span> <span class='ocrx_word' id='word_1_602' title='bbox 1136 2781 1327 2850; x_wconf 74' lang='lat' dir='ltr'><strong>xxti-quta</strong></span> <span class='ocrx_word' id='word_1_603' title='bbox 1336 2781 1434 2836; x_wconf 81' lang='lat' dir='ltr'><strong>intersit</strong></span> <span class='ocrx_word' id='word_1_604' title='bbox 1443 2782 1508 2835; x_wconf 87' lang='lat' dir='ltr'><strong>inter</strong></span> <span class='ocrx_word' id='word_1_605' title='bbox 1518 2781 1649 2834; x_wconf 85' lang='lat' dir='ltr'><strong>scientium</strong></span> <span class='ocrx_word' id='word_1_606' title='bbox 1660 2748 1807 2839; x_wconf 81' lang='lat' dir='ltr'><strong>tunctorum</strong></span> 
     </span>
     <span class='ocr_line' id='line_1_71' title="bbox 1152 2872 1662 2945; baseline -0.004 -19"><span class='ocrx_word' id='word_1_607' title='bbox 1152 2872 1320 2945; x_wconf 78' lang='lat' dir='ltr'><strong>Angelorum,</strong></span> <span class='ocrx_word' id='word_1_608' title='bbox 1333 2873 1497 2928; x_wconf 83' lang='lat' dir='ltr'><strong>elscientiunt</strong></span> <span class='ocrx_word' id='word_1_609' title='bbox 1509 2872 1662 2926; x_wconf 79' lang='lat' dir='ltr'><strong>daemonnm.</strong></span> 
     </span>
    </p>
   </div>
   <div class='ocr_carea' id='block_1_17' title="bbox 1013 3003 1862 5462">
    <p class='ocr_par' dir='ltr' id='par_1_21' title="bbox 1013 3003 1862 5462">
     <span class='ocr_line' id='line_1_72' title="bbox 1049 3003 1806 3077; baseline -0.005 -16"><span class='ocrx_word' id='word_1_610' title='bbox 1049 3007 1096 3062; x_wconf 94' lang='lat' dir='ltr'><strong>llis</strong></span> <span class='ocrx_word' id='word_1_611' title='bbox 1108 3007 1186 3077; x_wconf 92' lang='lat' dir='ltr'><strong>igitur</strong></span> <span class='ocrx_word' id='word_1_612' title='bbox 1200 3006 1309 3076; x_wconf 80' lang='lat' dir='ltr'><strong>Angelis</strong></span> <span class='ocrx_word' id='word_1_613' title='bbox 1322 3005 1398 3061; x_wconf 88' lang='lat' dir='ltr'><strong>bonis</strong></span> <span class='ocrx_word' id='word_1_614' title='bbox 1412 3006 1498 3060; x_wconf 90' lang='lat' dir='ltr'><strong>omnis</strong></span> <span class='ocrx_word' id='word_1_615' title='bbox 1511 3003 1690 3075; x_wconf 90' lang='lat' dir='ltr'><strong>corporalium</strong></span> <span class='ocrx_word' id='word_1_616' title='bbox 1702 3011 1806 3076; x_wconf 86' lang='lat' dir='ltr'><strong>tempo·</strong></span> 
     </span>
     <span class='ocr_line' id='line_1_73' title="bbox 1013 3094 1808 3168; baseline -0.008 -14"><span class='ocrx_word' id='word_1_617' title='bbox 1013 3099 1162 3168; x_wconf 90' lang='lat' dir='ltr'><strong>raliumque</strong></span> <span class='ocrx_word' id='word_1_618' title='bbox 1183 3112 1272 3153; x_wconf 90' lang='lat' dir='ltr'><strong>rerum</strong></span> <span class='ocrx_word' id='word_1_619' title='bbox 1298 3097 1424 3160; x_wconf 86' lang='lat' dir='ltr'><strong>scientia,</strong></span> <span class='ocrx_word' id='word_1_620' title='bbox 1441 3112 1492 3166; x_wconf 88' lang='lat' dir='ltr'><strong>qna</strong></span> <span class='ocrx_word' id='word_1_621' title='bbox 1508 3096 1634 3150; x_wconf 86' lang='lat' dir='ltr'><strong>indantur</strong></span> <span class='ocrx_word' id='word_1_622' title='bbox 1647 3094 1784 3150; x_wconf 76' lang='lat' dir='ltr'><strong>daemones</strong></span> <span class='ocrx_word' id='word_1_623' title='bbox 1795 3108 1808 3159; x_wconf 85' lang='lat'><strong>,·</strong></span> 
     </span>
     <span class='ocr_line' id='line_1_74' title="bbox 1015 3183 1805 3259; baseline -0.004 -16"><span class='ocrx_word' id='word_1_624' title='bbox 1015 3191 1075 3245; x_wconf 85' lang='lat' dir='ltr'><strong>nilis</strong></span> <span class='ocrx_word' id='word_1_625' title='bbox 1086 3199 1128 3246; x_wconf 92' lang='lat' dir='ltr'><strong>est</strong></span> <span class='ocrx_word' id='word_1_626' title='bbox 1142 3207 1150 3245; x_wconf 74' lang='grc' dir='ltr'><strong><em>ε</em></strong></span> <span class='ocrx_word' id='word_1_627' title='bbox 1163 3204 1216 3245; x_wconf 89' lang='lat' dir='ltr'><strong>nen</strong></span> <span class='ocrx_word' id='word_1_628' title='bbox 1231 3188 1301 3259; x_wconf 95' lang='lat' dir='ltr'><strong>quod</strong></span> <span class='ocrx_word' id='word_1_629' title='bbox 1316 3203 1406 3243; x_wconf 88' lang='lat' dir='ltr'><strong>earnm</strong></span> <span class='ocrx_word' id='word_1_630' title='bbox 1420 3188 1503 3257; x_wconf 91' lang='lat' dir='ltr'><strong>ignari</strong></span> <span class='ocrx_word' id='word_1_631' title='bbox 1518 3188 1589 3252; x_wconf 91' lang='lat' dir='ltr'><strong>sint,</strong></span> <span class='ocrx_word' id='word_1_632' title='bbox 1612 3186 1658 3242; x_wconf 85' lang='lat' dir='ltr'><strong>sed</strong></span> <span class='ocrx_word' id='word_1_633' title='bbox 1670 3183 1740 3255; x_wconf 94' lang='lat' dir='ltr'><strong>quod</strong></span> <span class='ocrx_word' id='word_1_634' title='bbox 1754 3183 1805 3240; x_wconf 86' lang='lat' dir='ltr'><strong>illis</strong></span> 
     </span>
     <span class='ocr_line' id='line_1_75' title="bbox 1013 3276 1806 3352; baseline -0.006 -16"><span class='ocrx_word' id='word_1_635' title='bbox 1013 3282 1076 3348; x_wconf 85' lang='lat' dir='ltr'><strong>Dei,</strong></span> <span class='ocrx_word' id='word_1_636' title='bbox 1086 3296 1137 3352; x_wconf 93' lang='lat' dir='ltr'><strong>qua</strong></span> <span class='ocrx_word' id='word_1_637' title='bbox 1147 3278 1354 3345; x_wconf 77' lang='lat' dir='ltr'><strong>sanctificantur,</strong></span> <span class='ocrx_word' id='word_1_638' title='bbox 1363 3277 1478 3333; x_wconf 87' lang='lat' dir='ltr'><strong>ebaritas</strong></span> <span class='ocrx_word' id='word_1_639' title='bbox 1494 3276 1574 3332; x_wconf 85' lang='lat' dir='ltr'><strong>chara</strong></span> <span class='ocrx_word' id='word_1_640' title='bbox 1588 3285 1644 3340; x_wconf 92' lang='lat' dir='ltr'><strong>est,</strong></span> <span class='ocrx_word' id='word_1_641' title='bbox 1659 3291 1715 3347; x_wconf 75' lang='lat' dir='ltr'><strong>prae</strong></span> <span class='ocrx_word' id='word_1_642' title='bbox 1729 3276 1806 3346; x_wconf 83' lang='lat' dir='ltr'><strong>cujus</strong></span> 
     </span>
     <span class='ocr_line' id='line_1_76' title="bbox 1014 3367 1805 3440; baseline -0.003 -13"><span class='ocrx_word' id='word_1_643' title='bbox 1014 3387 1066 3427; x_wconf 94' lang='lat' dir='ltr'><strong>uon</strong></span> <span class='ocrx_word' id='word_1_644' title='bbox 1082 3380 1184 3426; x_wconf 90' lang='lat' dir='ltr'><strong>tantum</strong></span> <span class='ocrx_word' id='word_1_645' title='bbox 1200 3370 1371 3440; x_wconf 84' lang='lat' dir='ltr'><strong>incorporali,</strong></span> <span class='ocrx_word' id='word_1_646' title='bbox 1385 3384 1480 3424; x_wconf 83' lang='lat' dir='ltr'><strong>rerum</strong></span> <span class='ocrx_word' id='word_1_647' title='bbox 1494 3367 1575 3424; x_wconf 89' lang='lat' dir='ltr'><strong>etiam</strong></span> <span class='ocrx_word' id='word_1_648' title='bbox 1595 3367 1805 3425; x_wconf 89' lang='lat' dir='ltr'><strong>incommutabili</strong></span> 
     </span>
     <span class='ocr_line' id='line_1_77' title="bbox 1015 3460 1806 3532; baseline -0.001 -13"><span class='ocrx_word' id='word_1_649' title='bbox 1015 3475 1041 3520; x_wconf 90' lang='lat' dir='ltr'><strong>et</strong></span> <span class='ocrx_word' id='word_1_650' title='bbox 1055 3462 1180 3519; x_wconf 76' lang='lat' dir='ltr'><strong>ineflabili</strong></span> <span class='ocrx_word' id='word_1_651' title='bbox 1195 3462 1405 3532; x_wconf 82' lang='lat' dir='ltr'><strong>pulchritudine,</strong></span> <span class='ocrx_word' id='word_1_652' title='bbox 1419 3462 1496 3530; x_wconf 81' lang='lat' dir='ltr'><strong>eujus</strong></span> <span class='ocrx_word' id='word_1_653' title='bbox 1509 3471 1602 3517; x_wconf 93' lang='lat' dir='ltr'><strong>sancto</strong></span> <span class='ocrx_word' id='word_1_654' title='bbox 1620 3475 1713 3517; x_wconf 90' lang='lat' dir='ltr'><strong>amere</strong></span> <span class='ocrx_word' id='word_1_655' title='bbox 1732 3460 1806 3518; x_wconf 90' lang='lat' dir='ltr'><strong>inar-</strong></span> 
     </span>
     <span class='ocr_line' id='line_1_78' title="bbox 1015 3551 1806 3625; baseline -0.004 -13"><span class='ocrx_word' id='word_1_656' title='bbox 1015 3557 1136 3621; x_wconf 90' lang='lat' dir='ltr'><strong>descunt,</strong></span> <span class='ocrx_word' id='word_1_657' title='bbox 1152 3555 1312 3625; x_wconf 75' lang='lat' dir='ltr'><strong>omniaque</strong></span> <span class='ocrx_word' id='word_1_658' title='bbox 1325 3552 1394 3609; x_wconf 85' lang='lat' dir='ltr'><strong>inira</strong></span> <span class='ocrx_word' id='word_1_659' title='bbox 1408 3562 1479 3620; x_wconf 88' lang='lat' dir='ltr'><strong>sunt,</strong></span> <span class='ocrx_word' id='word_1_660' title='bbox 1493 3561 1521 3608; x_wconf 93' lang='lat' dir='ltr'><strong>et</strong></span> <span class='ocrx_word' id='word_1_661' title='bbox 1534 3551 1605 3622; x_wconf 92' lang='lat' dir='ltr'><strong>quod</strong></span> <span class='ocrx_word' id='word_1_662' title='bbox 1620 3551 1685 3608; x_wconf 92' lang='lat' dir='ltr'><strong>iliud</strong></span> <span class='ocrx_word' id='word_1_663' title='bbox 1697 3559 1738 3608; x_wconf 89' lang='lat' dir='ltr'><strong>est</strong></span> <span class='ocrx_word' id='word_1_664' title='bbox 1751 3567 1806 3609; x_wconf 91' lang='lat' dir='ltr'><strong>nen</strong></span> 
     </span>
     <span class='ocr_line' id='line_1_79' title="bbox 1015 3643 1807 3720; baseline -0.008 -16"><span class='ocrx_word' id='word_1_665' title='bbox 1015 3643 1807 3720; x_wconf 82' lang='lat' dir='ltr'><strong>sunt,sequeipsosinterillacontemnnnt,ntextoto,quod</strong></span> 
     </span>
     <span class='ocr_line' id='line_1_80' title="bbox 1015 3733 1862 3807; baseline -0.005 -12"><span class='ocrx_word' id='word_1_666' title='bbox 1015 3733 1827 3807; x_wconf 85' lang='lat' dir='ltr'><strong>bonisnnt,eobone,exquobonisunt,perlruantur.Etidco&#39;</strong></span> <span class='ocrx_word' id='word_1_667' title='bbox 1851 3747 1862 3780; x_wconf 58' lang='grc' dir='ltr'>ι</span> 
     </span>
     <span class='ocr_line' id='line_1_81' title="bbox 1016 3823 1808 3900; baseline -0.008 -11"><span class='ocrx_word' id='word_1_668' title='bbox 1016 3832 1200 3889; x_wconf 88' lang='lat' dir='ltr'><strong>certiusniam</strong></span> <span class='ocrx_word' id='word_1_669' title='bbox 1208 3829 1361 3900; x_wconf 86' lang='lat' dir='ltr'><strong>temporalia</strong></span> <span class='ocrx_word' id='word_1_670' title='bbox 1368 3823 1808 3899; x_wconf 69' lang='lat' dir='ltr'><strong>etmutabiliaistanorerurinquia</strong></span> 
     </span>
     <span class='ocr_line' id='line_1_82' title="bbox 1017 3917 1809 3993; baseline -0.008 -11"><span class='ocrx_word' id='word_1_671' title='bbox 1017 3940 1109 3981; x_wconf 90' lang='lat' dir='ltr'><strong>eornm</strong></span> <span class='ocrx_word' id='word_1_672' title='bbox 1119 3922 1276 3993; x_wconf 89' lang='lat' dir='ltr'><strong>principales</strong></span> <span class='ocrx_word' id='word_1_673' title='bbox 1284 3935 1377 3976; x_wconf 90' lang='lat' dir='ltr'><strong>causas</strong></span> <span class='ocrx_word' id='word_1_674' title='bbox 1387 3918 1503 3975; x_wconf 75' lang='lat' dir='ltr'><strong>invcrbe</strong></span> <span class='ocrx_word' id='word_1_675' title='bbox 1514 3917 1747 3987; x_wconf 85' lang='lat' dir='ltr'><strong>Deiconspiciunt,</strong></span> <span class='ocrx_word' id='word_1_676' title='bbox 1759 3934 1809 3991; x_wconf 89' lang='lat' dir='ltr'><strong>per</strong></span> 
     </span>
     <span class='ocr_line' id='line_1_83' title="bbox 1017 4007 1809 4087; baseline -0.005 -17"><span class='ocrx_word' id='word_1_677' title='bbox 1017 4007 1809 4087; x_wconf 78' lang='lat' dir='ltr'><strong>qumtactusestmundus:quibusmusisquadamproban·</strong></span> 
     </span>
     <span class='ocr_line' id='line_1_84' title="bbox 1018 4098 1810 4176; baseline -0.005 -14"><span class='ocrx_word' id='word_1_678' title='bbox 1018 4098 1810 4176; x_wconf 78' lang='lat' dir='ltr'><strong>tur.quaedamreprobantur‚eunctaordinantur.baemones</strong></span> 
     </span>
     <span class='ocr_line' id='line_1_85' title="bbox 1017 4189 1810 4263; baseline -0.008 -8"><span class='ocrx_word' id='word_1_679' title='bbox 1017 4209 1106 4255; x_wconf 84' lang='lat' dir='ltr'><strong>autern</strong></span> <span class='ocrx_word' id='word_1_680' title='bbox 1120 4212 1172 4251; x_wconf 91' lang='lat' dir='ltr'><strong>uon</strong></span> <span class='ocrx_word' id='word_1_681' title='bbox 1186 4205 1301 4250; x_wconf 85' lang='lat' dir='ltr'><strong>aeternas</strong></span> <span class='ocrx_word' id='word_1_682' title='bbox 1311 4200 1458 4262; x_wconf 91' lang='lat' dir='ltr'><strong>temporum</strong></span> <span class='ocrx_word' id='word_1_683' title='bbox 1469 4204 1563 4247; x_wconf 89' lang='lat' dir='ltr'><strong>causas</strong></span> <span class='ocrx_word' id='word_1_684' title='bbox 1573 4197 1601 4246; x_wconf 91' lang='lat' dir='ltr'><strong>et</strong></span> <span class='ocrx_word' id='word_1_685' title='bbox 1614 4189 1810 4263; x_wconf 89' lang='lat' dir='ltr'><strong>quodammodo</strong></span> 
     </span>
     <span class='ocr_line' id='line_1_86' title="bbox 1018 4284 1810 4358; baseline -0.009 -9"><span class='ocrx_word' id='word_1_686' title='bbox 1018 4291 1166 4349; x_wconf 90' lang='lat' dir='ltr'><strong>cardinales</strong></span> <span class='ocrx_word' id='word_1_687' title='bbox 1180 4290 1205 4344; x_wconf 93' lang='lat' dir='ltr'><strong>in</strong></span> <span class='ocrx_word' id='word_1_688' title='bbox 1220 4287 1268 4343; x_wconf 77' lang='lat' dir='ltr'><strong>liei</strong></span> <span class='ocrx_word' id='word_1_689' title='bbox 1282 4285 1417 4355; x_wconf 87' lang='lat' dir='ltr'><strong>Sapientia</strong></span> <span class='ocrx_word' id='word_1_690' title='bbox 1432 4284 1663 4354; x_wconf 89' lang='lat' dir='ltr'><strong>contemplantur;</strong></span> <span class='ocrx_word' id='word_1_691' title='bbox 1679 4286 1727 4342; x_wconf 90' lang='lat' dir='ltr'><strong>sed</strong></span> <span class='ocrx_word' id='word_1_692' title='bbox 1741 4296 1810 4358; x_wconf 91' lang='lat' dir='ltr'><strong>quo·</strong></span> 
     </span>
     <span class='ocr_line' id='line_1_87' title="bbox 1018 4379 1809 4453; baseline -0.014 -9"><span class='ocrx_word' id='word_1_693' title='bbox 1018 4387 1139 4444; x_wconf 91' lang='lat' dir='ltr'><strong>rumdam</strong></span> <span class='ocrx_word' id='word_1_694' title='bbox 1158 4384 1293 4453; x_wconf 87' lang='lat' dir='ltr'><strong>signorum</strong></span> <span class='ocrx_word' id='word_1_695' title='bbox 1315 4379 1391 4435; x_wconf 90' lang='lat' dir='ltr'><strong>nobis</strong></span> <span class='ocrx_word' id='word_1_696' title='bbox 1412 4379 1575 4435; x_wconf 90' lang='lat' dir='ltr'><strong>occultorum</strong></span> <span class='ocrx_word' id='word_1_697' title='bbox 1599 4379 1700 4449; x_wconf 85' lang='lat' dir='ltr'><strong>majore</strong></span> <span class='ocrx_word' id='word_1_698' title='bbox 1724 4393 1809 4449; x_wconf 86' lang='lat' dir='ltr'><strong>cxpe-</strong></span> 
     </span>
     <span class='ocr_line' id='line_1_88' title="bbox 1018 4471 1809 4546; baseline -0.011 -11"><span class='ocrx_word' id='word_1_699' title='bbox 1018 4480 1113 4536; x_wconf 91' lang='lat' dir='ltr'><strong>rieutia</strong></span> <span class='ocrx_word' id='word_1_700' title='bbox 1129 4475 1212 4532; x_wconf 90' lang='lat' dir='ltr'><strong>multo</strong></span> <span class='ocrx_word' id='word_1_701' title='bbox 1222 4474 1297 4546; x_wconf 90' lang='lat' dir='ltr'><strong>plura</strong></span> <span class='ocrx_word' id='word_1_702' title='bbox 1308 4488 1387 4544; x_wconf 89' lang='lat' dir='ltr'><strong>qnam</strong></span> <span class='ocrx_word' id='word_1_703' title='bbox 1402 4472 1524 4527; x_wconf 88' lang='lat' dir='ltr'><strong>immines</strong></span> <span class='ocrx_word' id='word_1_704' title='bbox 1538 4471 1624 4528; x_wconf 89' lang='lat' dir='ltr'><strong>intura</strong></span> <span class='ocrx_word' id='word_1_705' title='bbox 1635 4472 1809 4544; x_wconf 87' lang='lat' dir='ltr'><strong>prospiciunt.</strong></span> 
     </span>
     <span class='ocr_line' id='line_1_89' title="bbox 1020 4563 1809 4642; baseline -0.011 -15"><span class='ocrx_word' id='word_1_706' title='bbox 1020 4570 1212 4642; x_wconf 85' lang='lat' dir='ltr'><strong>Dispositiones</strong></span> <span class='ocrx_word' id='word_1_707' title='bbox 1236 4580 1342 4637; x_wconf 91' lang='lat' dir='ltr'><strong>qnoque</strong></span> <span class='ocrx_word' id='word_1_708' title='bbox 1366 4580 1429 4619; x_wconf 92' lang='lat' dir='ltr'><strong>suas</strong></span> <span class='ocrx_word' id='word_1_709' title='bbox 1449 4564 1592 4634; x_wconf 90' lang='lat' dir='ltr'><strong>aliquando</strong></span> <span class='ocrx_word' id='word_1_710' title='bbox 1621 4563 1809 4634; x_wconf 73' lang='lat' dir='ltr'><strong>praenuntiant.</strong></span> 
     </span>
     <span class='ocr_line' id='line_1_90' title="bbox 1020 4655 1810 4734; baseline -0.015 -14"><span class='ocrx_word' id='word_1_711' title='bbox 1020 4663 1141 4734; x_wconf 77' lang='lat' dir='ltr'><strong>lienique</strong></span> <span class='ocrx_word' id='word_1_712' title='bbox 1164 4674 1235 4730; x_wconf 82' lang='lat' dir='ltr'><strong>sepe</strong></span> <span class='ocrx_word' id='word_1_713' title='bbox 1249 4658 1308 4725; x_wconf 90' lang='lat' dir='ltr'><strong>isti,</strong></span> <span class='ocrx_word' id='word_1_714' title='bbox 1324 4671 1457 4727; x_wconf 83' lang='lat' dir='ltr'><strong>nunquam</strong></span> <span class='ocrx_word' id='word_1_715' title='bbox 1480 4656 1517 4712; x_wconf 93' lang='lat' dir='ltr'><strong>illi</strong></span> <span class='ocrx_word' id='word_1_716' title='bbox 1539 4657 1649 4712; x_wconf 92' lang='lat' dir='ltr'><strong>omnino</strong></span> <span class='ocrx_word' id='word_1_717' title='bbox 1672 4655 1810 4710; x_wconf 78' lang='lat' dir='ltr'><strong>falluntur.</strong></span> 
     </span>
     <span class='ocr_line' id='line_1_91' title="bbox 1020 4743 1812 4820; baseline -0.015 -8"><span class='ocrx_word' id='word_1_718' title='bbox 1020 4753 1099 4812; x_wconf 79' lang='lat' dir='ltr'><strong>Aliud</strong></span> <span class='ocrx_word' id='word_1_719' title='bbox 1111 4750 1230 4809; x_wconf 90' lang='lat' dir='ltr'><strong>estenim</strong></span> <span class='ocrx_word' id='word_1_720' title='bbox 1242 4747 1432 4820; x_wconf 86' lang='lat' dir='ltr'><strong>temporalibus</strong></span> <span class='ocrx_word' id='word_1_721' title='bbox 1440 4746 1594 4816; x_wconf 90' lang='lat' dir='ltr'><strong>temporalia</strong></span> <span class='ocrx_word' id='word_1_722' title='bbox 1607 4752 1633 4801; x_wconf 91' lang='lat' dir='ltr'><strong>et</strong></span> <span class='ocrx_word' id='word_1_723' title='bbox 1642 4743 1812 4800; x_wconf 84' lang='lat' dir='ltr'><strong>mutabilibus</strong></span> 
     </span>
     <span class='ocr_line' id='line_1_92' title="bbox 1020 4834 1811 4912; baseline -0.018 -8"><span class='ocrx_word' id='word_1_724' title='bbox 1020 4844 1156 4904; x_wconf 86' lang='lat' dir='ltr'><strong>mutabilia</strong></span> <span class='ocrx_word' id='word_1_725' title='bbox 1164 4841 1325 4912; x_wconf 84' lang='lat' dir='ltr'><strong>conjectare,</strong></span> <span class='ocrx_word' id='word_1_726' title='bbox 1333 4840 1425 4908; x_wconf 88' lang='lat' dir='ltr'><strong>eisque</strong></span> <span class='ocrx_word' id='word_1_727' title='bbox 1436 4835 1608 4906; x_wconf 89' lang='lat' dir='ltr'><strong>temporalem</strong></span> <span class='ocrx_word' id='word_1_728' title='bbox 1619 4843 1646 4890; x_wconf 89' lang='lat' dir='ltr'><strong>et</strong></span> <span class='ocrx_word' id='word_1_729' title='bbox 1656 4834 1811 4890; x_wconf 88' lang='lat' dir='ltr'><strong>mutabilem</strong></span> 
     </span>
     <span class='ocr_line' id='line_1_93' title="bbox 1020 4925 1813 4996; baseline -0.016 -1"><span class='ocrx_word' id='word_1_730' title='bbox 1020 4937 1149 4995; x_wconf 72' lang='lat' dir='ltr'><strong>medum¹</strong></span> <span class='ocrx_word' id='word_1_731' title='bbox 1164 4947 1219 4989; x_wconf 83' lang='lat' dir='ltr'><strong>suae</strong></span> <span class='ocrx_word' id='word_1_732' title='bbox 1233 4930 1377 4987; x_wconf 85' lang='lat' dir='ltr'><strong>veluntatis</strong></span> <span class='ocrx_word' id='word_1_733' title='bbox 1389 4937 1417 4983; x_wconf 90' lang='lat' dir='ltr'><strong>ct</strong></span> <span class='ocrx_word' id='word_1_734' title='bbox 1441 4927 1571 4982; x_wconf 84' lang='lat' dir='ltr'><strong>tacututts</strong></span> <span class='ocrx_word' id='word_1_735' title='bbox 1589 4926 1725 4992; x_wconf 86' lang='lat' dir='ltr'><strong>inserere,</strong></span> <span class='ocrx_word' id='word_1_736' title='bbox 1740 4925 1813 4996; x_wconf 91' lang='lat' dir='ltr'><strong>quod</strong></span> 
     </span>
     <span class='ocr_line' id='line_1_94' title="bbox 1020 5014 1812 5091; baseline -0.019 -6"><span class='ocrx_word' id='word_1_737' title='bbox 1020 5027 1187 5084; x_wconf 78' lang='lat' dir='ltr'><strong>daemonibus</strong></span> <span class='ocrx_word' id='word_1_738' title='bbox 1199 5030 1271 5077; x_wconf 91' lang='lat' dir='ltr'><strong>eerta</strong></span> <span class='ocrx_word' id='word_1_739' title='bbox 1282 5020 1386 5076; x_wconf 89' lang='lat' dir='ltr'><strong>ratione</strong></span> <span class='ocrx_word' id='word_1_740' title='bbox 1398 5017 1554 5087; x_wconf 87' lang='lat' dir='ltr'><strong>permissum</strong></span> <span class='ocrx_word' id='word_1_741' title='bbox 1568 5023 1609 5070; x_wconf 89' lang='lat' dir='ltr'><strong>est</strong></span> <span class='ocrx_word' id='word_1_742' title='bbox 1622 5032 1629 5069; x_wconf 76' lang='lat' dir='ltr'><strong>a</strong></span> <span class='ocrx_word' id='word_1_743' title='bbox 1641 5014 1712 5091; x_wconf 86' lang='lat' dir='ltr'><strong>aliud</strong></span> <span class='ocrx_word' id='word_1_744' title='bbox 1723 5024 1812 5071; x_wconf 87' lang='lat' dir='ltr'><strong>autem</strong></span> 
     </span>
     <span class='ocr_line' id='line_1_95' title="bbox 1021 5105 1813 5183; baseline -0.014 -9"><span class='ocrx_word' id='word_1_745' title='bbox 1021 5120 1048 5174; x_wconf 92' lang='lat' dir='ltr'><strong>in</strong></span> <span class='ocrx_word' id='word_1_746' title='bbox 1071 5117 1177 5173; x_wconf 74' lang='lat' dir='ltr'><strong>uternis</strong></span> <span class='ocrx_word' id='word_1_747' title='bbox 1189 5120 1269 5183; x_wconf 92' lang='lat' dir='ltr'><strong>atque</strong></span> <span class='ocrx_word' id='word_1_748' title='bbox 1283 5106 1542 5166; x_wconf 88' lang='lat' dir='ltr'><strong>incommutabilibus</strong></span> <span class='ocrx_word' id='word_1_749' title='bbox 1555 5106 1602 5161; x_wconf 84' lang='lat' dir='ltr'><strong>Dei</strong></span> <span class='ocrx_word' id='word_1_750' title='bbox 1617 5105 1737 5178; x_wconf 88' lang='lat' dir='ltr'><strong>legibus,</strong></span> <span class='ocrx_word' id='word_1_751' title='bbox 1752 5122 1813 5177; x_wconf 75' lang='lat' dir='ltr'><strong>quas</strong></span> 
     </span>
     <span class='ocr_line' id='line_1_96' title="bbox 1022 5197 1813 5278; baseline -0.015 -12"><span class='ocrx_word' id='word_1_752' title='bbox 1022 5211 1048 5266; x_wconf 92' lang='lat' dir='ltr'><strong>in</strong></span> <span class='ocrx_word' id='word_1_753' title='bbox 1062 5209 1120 5278; x_wconf 79' lang='lat' dir='ltr'><strong>ejus</strong></span> <span class='ocrx_word' id='word_1_754' title='bbox 1133 5202 1268 5275; x_wconf 87' lang='lat' dir='ltr'><strong>Sapientia</strong></span> <span class='ocrx_word' id='word_1_755' title='bbox 1280 5202 1388 5266; x_wconf 79' lang='lat' dir='ltr'><strong>vivunt,</strong></span> <span class='ocrx_word' id='word_1_756' title='bbox 1404 5197 1563 5253; x_wconf 86' lang='lat' dir='ltr'><strong>mutationes</strong></span> <span class='ocrx_word' id='word_1_757' title='bbox 1578 5207 1727 5268; x_wconf 88' lang='lat' dir='ltr'><strong>temporum</strong></span> <span class='ocrx_word' id='word_1_758' title='bbox 1744 5213 1813 5270; x_wconf 80' lang='lat' dir='ltr'><strong>prae·</strong></span> 
     </span>
     <span class='ocr_line' id='line_1_97' title="bbox 1021 5291 1812 5365; baseline -0.014 -10"><span class='ocrx_word' id='word_1_759' title='bbox 1021 5300 1121 5364; x_wconf 82' lang='lat' dir='ltr'><strong>ridere,</strong></span> <span class='ocrx_word' id='word_1_760' title='bbox 1136 5296 1236 5365; x_wconf 81' lang='lat' dir='ltr'><strong>licique</strong></span> <span class='ocrx_word' id='word_1_761' title='bbox 1246 5292 1418 5352; x_wconf 84' lang='lat' dir='ltr'><strong>voluntatem,</strong></span> <span class='ocrx_word' id='word_1_762' title='bbox 1433 5304 1492 5358; x_wconf 83' lang='lat' dir='ltr'><strong>qnae</strong></span> <span class='ocrx_word' id='word_1_763' title='bbox 1507 5299 1560 5346; x_wconf 91' lang='lat' dir='ltr'><strong>tam</strong></span> <span class='ocrx_word' id='word_1_764' title='bbox 1572 5291 1720 5347; x_wconf 87' lang='lat' dir='ltr'><strong>certissima</strong></span> <span class='ocrx_word' id='word_1_765' title='bbox 1733 5304 1812 5361; x_wconf 87' lang='lat' dir='ltr'><strong>qnam</strong></span> 
     </span>
     <span class='ocr_line' id='line_1_98' title="bbox 1023 5381 1811 5462; baseline -0.013 -15"><span class='ocrx_word' id='word_1_766' title='bbox 1023 5390 1203 5462; x_wconf 89' lang='lat' dir='ltr'><strong>potentissima</strong></span> <span class='ocrx_word' id='word_1_767' title='bbox 1218 5395 1260 5442; x_wconf 89' lang='lat' dir='ltr'><strong>est</strong></span> <span class='ocrx_word' id='word_1_768' title='bbox 1280 5384 1397 5441; x_wconf 91' lang='lat' dir='ltr'><strong>omnium</strong></span> <span class='ocrx_word' id='word_1_769' title='bbox 1409 5383 1432 5448; x_wconf 85' lang='lat'><strong>¹,</strong></span> <span class='ocrx_word' id='word_1_770' title='bbox 1448 5381 1563 5454; x_wconf 91' lang='lat' dir='ltr'><strong>Spiritus</strong></span> <span class='ocrx_word' id='word_1_771' title='bbox 1584 5383 1642 5455; x_wconf 85' lang='lat' dir='ltr'><strong>ejus</strong></span> <span class='ocrx_word' id='word_1_772' title='bbox 1668 5383 1811 5455; x_wconf 72' lang='lat' dir='ltr'><strong>participa-</strong></span> 
     </span>
    </p>
   </div>
   <div class='ocr_carea' id='block_1_18' title="bbox 1024 5531 1813 5789">
    <p class='ocr_par' dir='ltr' id='par_1_22' title="bbox 1055 5531 1800 5604">
     <span class='ocr_line' id='line_1_99' title="bbox 1055 5531 1800 5604; baseline -0.013 -15"><span class='ocrx_word' id='word_1_773' title='bbox 1055 5544 1063 5574; x_wconf 86' lang='lat'><strong>¹</strong></span> <span class='ocrx_word' id='word_1_774' title='bbox 1082 5539 1176 5604; x_wconf 76' lang='lat' dir='ltr'><strong>aliquot</strong></span> <span class='ocrx_word' id='word_1_775' title='bbox 1185 5546 1249 5599; x_wconf 73' lang='lat' dir='ltr'><strong>uss,</strong></span> <span class='ocrx_word' id='word_1_776' title='bbox 1259 5533 1441 5587; x_wconf 76' lang='lat' dir='ltr'><strong>ontrm.-sto</strong></span> <span class='ocrx_word' id='word_1_777' title='bbox 1455 5532 1495 5584; x_wconf 74' lang='lat' dir='ltr'><strong>td.</strong></span> <span class='ocrx_word' id='word_1_778' title='bbox 1507 5531 1577 5584; x_wconf 78' lang='lat' dir='ltr'><strong>anot.</strong></span> <span class='ocrx_word' id='word_1_779' title='bbox 1610 5539 1641 5583; x_wconf 87' lang='grc' dir='ltr'><strong>ιι.</strong></span> <span class='ocrx_word' id='word_1_780' title='bbox 1761 5589 1767 5600; x_wconf 23' lang='grc' dir='ltr'>ι</span> <span class='ocrx_word' id='word_1_781' title='bbox 1794 5593 1800 5603; x_wconf 49' lang='lat'><strong>,</strong></span> 
     </span>
    </p>

    <p class='ocr_par' dir='ltr' id='par_1_23' title="bbox 1024 5596 1812 5727">
     <span class='ocr_line' id='line_1_100' title="bbox 1057 5596 1812 5658; baseline -0.008 -7"><span class='ocrx_word' id='word_1_782' title='bbox 1057 5605 1066 5636; x_wconf 87' lang='lat'>¹</span> <span class='ocrx_word' id='word_1_783' title='bbox 1082 5604 1119 5651; x_wconf 84' lang='lat' dir='ltr'><strong>sie</strong></span> <span class='ocrx_word' id='word_1_784' title='bbox 1136 5609 1173 5651; x_wconf 74' lang='lat' dir='ltr'><strong>ttr.</strong></span> <span class='ocrx_word' id='word_1_785' title='bbox 1189 5607 1279 5650; x_wconf 83' lang='lat' dir='ltr'><strong>cluss.</strong></span> <span class='ocrx_word' id='word_1_786' title='bbox 1293 5607 1320 5648; x_wconf 87' lang='lat' dir='ltr'><strong>tt</strong></span> <span class='ocrx_word' id='word_1_787' title='bbox 1335 5596 1401 5646; x_wconf 77' lang='lat' dir='ltr'><strong>sind.</strong></span> <span class='ocrx_word' id='word_1_788' title='bbox 1416 5607 1465 5645; x_wconf 84' lang='lat' dir='ltr'><strong>tm.</strong></span> <span class='ocrx_word' id='word_1_789' title='bbox 1482 5603 1509 5646; x_wconf 91' lang='lat' dir='ltr'><strong>et</strong></span> <span class='ocrx_word' id='word_1_790' title='bbox 1519 5604 1585 5656; x_wconf 77' lang='lat' dir='ltr'><strong>tor..</strong></span> <span class='ocrx_word' id='word_1_791' title='bbox 1597 5605 1670 5658; x_wconf 87' lang='lat' dir='ltr'><strong>qnnnt</strong></span> <span class='ocrx_word' id='word_1_792' title='bbox 1678 5596 1812 5656; x_wconf 76' lang='lat' dir='ltr'><strong>pomares-</strong></span> 
     </span>
     <span class='ocr_line' id='line_1_101' title="bbox 1024 5659 1771 5727; baseline -0.02 -10"><span class='ocrx_word' id='word_1_793' title='bbox 1024 5670 1118 5721; x_wconf 77' lang='lat' dir='ltr'><strong>maest,</strong></span> <span class='ocrx_word' id='word_1_794' title='bbox 1132 5659 1384 5726; x_wconf 67' lang='lat' dir='ltr'><strong>trimenstrem.</strong></span> <span class='ocrx_word' id='word_1_795' title='bbox 1766 5717 1771 5727; x_wconf 29' lang='grc' dir='ltr'>ι</span> 
     </span>
    </p>

    <p class='ocr_par' dir='ltr' id='par_1_24' title="bbox 1057 5715 1813 5789">
     <span class='ocr_line' id='line_1_102' title="bbox 1057 5715 1813 5789; baseline -0.015 -13"><span class='ocrx_word' id='word_1_796' title='bbox 1057 5725 1093 5789; x_wconf 84' lang='grc' dir='ltr'>(ιι)</span> <span class='ocrx_word' id='word_1_797' title='bbox 1104 5725 1169 5776; x_wconf 88' lang='lat' dir='ltr'><strong>conl.</strong></span> <span class='ocrx_word' id='word_1_798' title='bbox 1183 5722 1294 5775; x_wconf 79' lang='lat' dir='ltr'><strong>libide</strong></span> <span class='ocrx_word' id='word_1_799' title='bbox 1312 5731 1372 5773; x_wconf 78' lang='lat' dir='ltr'><strong>uest.</strong></span> <span class='ocrx_word' id='word_1_800' title='bbox 1384 5720 1413 5771; x_wconf 91' lang='lat' dir='ltr'><strong>ad</strong></span> <span class='ocrx_word' id='word_1_801' title='bbox 1431 5720 1494 5784; x_wconf 75' lang='lat' dir='ltr'><strong>titt,</strong></span> <span class='ocrx_word' id='word_1_802' title='bbox 1506 5733 1549 5771; x_wconf 84' lang='lat' dir='ltr'><strong>nu.</strong></span> <span class='ocrx_word' id='word_1_803' title='bbox 1561 5718 1600 5781; x_wconf 77' lang='grc'><strong>19,</strong></span> <span class='ocrx_word' id='word_1_804' title='bbox 1613 5716 1659 5780; x_wconf 75' lang='lat' dir='ltr'><strong>bb;</strong></span> <span class='ocrx_word' id='word_1_805' title='bbox 1672 5715 1727 5768; x_wconf 78' lang='lat' dir='ltr'><strong>atde</strong></span> <span class='ocrx_word' id='word_1_806' title='bbox 1740 5721 1813 5767; x_wconf 80' lang='lat' dir='ltr'><strong>etuun</strong></span> 
     </span>
    </p>
   </div>
   <div class='ocr_carea' id='block_1_19' title="bbox 1024 5799 1145 5855">
    <p class='ocr_par' dir='ltr' id='par_1_25' title="bbox 1024 5799 1145 5855">
     <span class='ocr_line' id='line_1_103' title="bbox 1024 5799 1145 5855; baseline -0.025 0"><span class='ocrx_word' id='word_1_807' title='bbox 1024 5799 1145 5855; x_wconf 64' lang='lat' dir='ltr'><strong>enen·</strong></span> 
     </span>
    </p>
   </div>
   <div class='ocr_carea' id='block_1_20' title="bbox 0 0 1973 6388">
    <p class='ocr_par' dir='ltr' id='par_1_26' title="bbox 0 0 1973 6388">
     <span class='ocr_line' id='line_1_104' title="bbox 0 0 1973 6388; baseline 0 0"><span class='ocrx_word' id='word_1_808' title='bbox 0 0 1973 6388; x_wconf 95' lang='lat' dir='ltr'><strong> </strong></span> 
     </span>
    </p>
   </div>
  </div>
 </body>
</html>
