3900 6390
64 345 99 402 ro
743 328 843 386 amsa
863 325 996 386 nauus.
1650 342 1688 399 ω

64 469 150 514 mana
162 452 313 525 reipublice
322 458 424 507 mutare
435 447 562 518 captivos.
573 444 628 501 llec
640 450 700 515 post
709 443 777 496 banc
787 455 848 512 per·

63 547 217 604 suasionem
227 559 242 598 a
252 543 306 599 suis
314 541 347 598 ad
358 541 449 597 hostes
462 537 548 595 redire
560 535 713 606 compulsus
726 542 785 600 est;
799 531 846 587 sed

63 637 138 710 qued
146 637 283 708 juraverat
291 635 310 700 ¹,
323 632 350 688 id
362 640 456 703 sponte
468 626 619 698 complevit.
633 626 668 681 at
680 624 791 679 illisum
805 636 848 678 ex·

63 727 189 801 cogitatis
211 735 291 797 atque
318 721 458 779 horrendis
483 717 642 776 cruciatibus
670 721 845 770 necaverunt.

64 818 199 876 inclusum
212 814 308 887 quippe
318 822 428 884 angusto
448 811 539 881 liguo,
553 808 599 863 ubi
612 818 683 863 stare
696 812 846 875 cogeretur,

64 911 202 981 clarisque
213 907 371 964 acutissimis
382 903 498 974 undique
508 899 623 964 coofxo,
632 905 660 953 ut
672 912 703 953 se
711 896 737 951 in
748 894 847 950 nullam

66 1001 127 1072 ejus
139 1007 242 1072 partem
252 998 310 1054 sins
319 995 405 1066 punis
419 990 593 1049 atrocissimis
604 989 753 1052 inclinaret,
766 985 846 1041 etiam

65 1089 200 1164 uigilando
222 1095 390 1159 peremerunt
401 1086 423 1138 ¹.
437 1083 530 1140 bierito
543 1090 615 1138 certe
637 1077 745 1135 laudant
767 1077 849 1130 rirtn·

66 1192 122 1238 tem
137 1188 191 1236 tam
204 1192 299 1247 magna
313 1175 466 1232 infelicitate
494 1171 633 1243 majorem.
656 1167 690 1223 Et
713 1180 761 1237 per
784 1164 849 1220 deos

68 1273 115 1331 ilie
124 1273 272 1345 juraverat,
288 1283 401 1341 quorum
415 1267 488 1322 cultu
501 1264 512 1298 ⁸
525 1261 660 1337 prohibito
673 1301 681 1327 ,
696 1258 745 1315 bas
757 1255 848 1328 generi

68 1364 187 1420 ltumaoo
206 1359 296 1417 clades
307 1359 350 1414 isti
368 1357 510 1428 opinantur
533 1352 624 1423 indigi.
641 1350 691 1419 Qui
702 1363 766 1420 crgo
785 1361 847 1418 pro·

67 1465 161 1527 pterea
181 1453 346 1518 colebantur,
360 1459 389 1506 ut
399 1446 566 1505 istamsitam
579 1458 733 1516 prosperam
754 1441 848 1497 redde·

68 1558 139 1618 rent,
153 1549 176 1604 sl
189 1562 280 1602 rerum
291 1544 390 1616 juranti
400 1543 448 1598 bas
463 1540 571 1610 irrogari
590 1551 682 1608 poeoas
695 1550 743 1591 sen
758 1533 849 1588 roluc-

67 1650 153 1707 ruut,
168 1654 214 1695 seu
237 1636 437 1708 permiserunt,
463 1631 526 1703 quid
541 1630 648 1703 perjuro
670 1629 776 1699 gravius
788 1624 848 1681 irati

67 1732 157 1786 faeere
167 1726 326 1800 potueruut?
337 1724 388 1782 Sed
399 1739 447 1780 cur
458 1738 512 1780 nou
521 1721 747 1778 ratiocinationem
762 1731 847 1773 meam

67 1823 157 1894 potius
170 1819 204 1875 ad
227 1826 367 1888 utrumque
380 1813 556 1871 concludami
579 1813 646 1868 beos
659 1818 732 1865 certa
752 1808 790 1863 sic
804 1806 849 1861 iile

67 1911 150 1967 coiriit
163 1951 172 1977 ,
194 1916 224 1965 ut
246 1915 354 1979 propter
363 1903 536 1977 iurisiurandi
547 1901 626 1958 fldem
638 1915 688 1957 nee
699 1904 849 1956 remaneret

66 2001 95 2057 in
104 1999 208 2072 patria,
223 2014 274 2055 nec
285 1997 346 2054 inde
358 1996 478 2068 quolibet
488 1995 528 2051 ire
541 2035 550 2062 ,
572 1992 619 2051 sed
629 1991 663 2047 ad
676 2005 740 2047 suos
751 1990 849 2046 acerri-

66 2105 127 2146 mos
139 2090 261 2145 inimicos
275 2088 362 2144 redire
380 2086 489 2142 minimo
517 2082 660 2140 dubitaret.
684 2081 740 2136 ilcc
752 2082 774 2136 si
785 2079 846 2136 buic

66 2183 128 2238 nitra
141 2181 208 2237 utils
219 2180 393 2245 existimabat,
404 2177 479 2246 unius
494 2183 546 2231 tam
568 2172 728 2230 horrendum
748 2171 848 2228 exitum

67 2272 186 2340 meruit,
212 2269 396 2342 proculdubio
409 2267 557 2323 fallebatur.
581 2265 635 2321 Suo
648 2265 744 2335 quippe
757 2262 849 2318 doeuit

66 2363 200 2434 exemplo,
214 2362 278 2418 nibli
297 2360 361 2417 deos
372 2358 405 2415 ad
419 2359 496 2415 istam
508 2356 680 2427 temporalem
695 2354 847 2410 felicitatem

66 2458 123 2512 stris
137 2455 264 2526 prodesse
274 2451 420 2509 cottonius
443 2467 451 2507 r
473 2447 684 2521 quandoquidem
698 2446 743 2502 ilie
754 2460 846 2502 eorum

67 2549 174 2605 deditus
186 2546 279 2613 cultui,
293 2553 320 2600 et
333 2545 419 2600 rietus
428 2550 455 2599 et
467 2542 586 2612 caprinus
597 2540 734 2606 abductus,
747 2547 774 2594 et
785 2537 847 2608 quia

65 2639 151 2695 noluit
160 2639 236 2693 aliter
249 2650 327 2708 quam
337 2650 386 2705 per
396 2648 443 2690 eos
452 2633 588 2702 iuraverat
599 2628 706 2698 facere,
732 2643 802 2684 noro
815 2641 848 2684 ao

65 2729 139 2800 prius
157 2726 276 2783 inaudito
288 2725 450 2794 nimiumque
464 2721 584 2778 horribili
605 2719 724 2791 supplicii
747 2731 846 2790 genera

64 2821 197 2877 cruciatus
211 2819 356 2875 exstinctus
368 2824 419 2872 est.
428 2815 456 2870 Si
470 2823 558 2870 autem
570 2812 682 2869 deorum
691 2812 777 2867 cultus
786 2820 847 2882 post

64 2912 133 2970 banc
143 2913 223 2967 vitam
247 2910 320 2965 refut
343 2905 492 2963 mercedem
513 2904 601 2961 reddit
620 2904 782 2971 felicitatem,
797 2920 846 2962 eur

65 3003 259 3060 calumniantur
280 2998 443 3070 temporibus
466 2996 637 3061 christianis,
654 2995 713 3050 ideo
727 2994 846 3051 dicentes

65 3093 128 3151 Urbi
137 3090 265 3148 accidisse
273 3090 342 3145 iilam
352 3088 536 3152 calamitatem,
545 3086 674 3158 quiadcos
687 3101 748 3141 suos
757 3085 846 3142 coiere

65 3184 175 3249 destitit,
186 3198 245 3238 cum
257 3180 371 3252 potuerit
383 3180 460 3235 etiam
475 3178 533 3232 illos
545 3177 743 3247 diligentissime
755 3177 845 3231 colens

66 3285 119 3332 tam
133 3274 223 3331 infelix
244 3273 322 3338 beri,
340 3287 418 3343 quam
440 3271 484 3325 iile
506 3269 623 3340 Regulus
636 3268 701 3323 fuiti
711 3268 765 3324 Nisi
779 3270 845 3323 forte

66 3379 155 3425 curura
170 3367 341 3424 clarissimam
353 3364 490 3420 veritatem
505 3370 575 3416 latita
587 3361 723 3431 quisquam
737 3360 844 3415 demen-

66 3461 100 3515 tia
124 3461 199 3515 mirte
224 3454 350 3512 caecitatis
371 3455 508 3519 obnititur,
526 3463 554 3507 ut
567 3450 726 3508 contendere
749 3451 845 3507 audeat

66 3551 214 3606 universam
227 3548 358 3604 civitatem
369 3545 432 3601 deos
444 3544 572 3600 colentem
582 3542 710 3598 infelicem
722 3556 844 3597 essenon

66 3658 162 3714 posse,
183 3656 264 3696 unum
277 3655 341 3695 vero
359 3637 492 3692 bominem
513 3650 607 3705 posse;
630 3634 699 3705 quod
723 3634 845 3690 videlicet

66 3735 180 3805 potentia
205 3732 315 3789 deornm
339 3744 446 3785 suorum
475 3728 572 3783 multos
589 3728 675 3798 potius
694 3727 730 3781 sit
750 3727 843 3782 idonea

66 3839 239 3890 conseruare,
258 3835 335 3893 quam
361 3818 496 3890 singulus;
511 3832 571 3872 cum
586 3816 724 3872 multitudo
740 3825 844 3873 constet

66 3929 95 3971 er
105 3912 224 3985 singulis.

96 4006 123 4062 2
138 4006 165 4061 Si
177 4013 267 4060 autem
278 4001 369 4057 dicunt
381 3999 416 4055 bf.
431 3999 560 4070 Regulum
575 3999 654 4054 etiarn
667 3999 693 4053 in
707 3999 751 4054 iila
760 3999 844 4070 capti·

66 4097 145 4152 ritate
156 4095 259 4165 illisque
270 4091 429 4149 cruciatibus
442 4090 570 4161 eorporis,
578 4090 659 4145 animi
673 4091 770 4146 virtute
782 4090 844 4145 bea-

65 4195 116 4242 tum
142 4201 202 4242 esse
230 4183 367 4254 potuisse;
390 4182 473 4239 virtus
498 4182 585 4253 potius
605 4197 668 4239 xera
692 4190 842 4253 quaeratur,

65 4291 113 4348 qna
124 4277 202 4333 wia
215 4275 299 4345 possit
311 4289 370 4331 esse
386 4282 414 4330 et
433 4274 535 4329 civitas.
549 4272 640 4344 Neque
652 4276 722 4329 enim
736 4273 842 4329 aliunde

64 4367 264 4433 nauclerus,
293 4366 399 4422 aliunde
416 4366 512 4421 bomo:
528 4380 587 4421 eum
601 4365 670 4420 aliud
682 4366 778 4421 civitas
788 4381 840 4420 non

64 4458 105 4527 sit,
118 4474 198 4529 quam
212 4471 323 4513 concors
333 4456 345 4488 ⁸
354 4457 490 4511 bominum
505 4455 653 4511 multitudo.
664 4455 840 4524 Quamobrem

63 4549 178 4605 nundum
190 4547 294 4603 interim
306 4546 411 4616 disputo
422 4587 429 4610 ,
442 4544 526 4616 qualis
539 4546 565 4599 in
578 4545 679 4615 Regulo
689 4547 771 4601 rictus
785 4547 841 4603 fue·

52 4634 110 4696 rit:
125 4639 223 4697 sufficit
236 4655 316 4707 nunc,
330 4639 400 4710 quod
412 4640 463 4694 isto
476 4639 640 4694 nobilissimo
653 4640 776 4708 exemplo
793 4653 840 4694 cu·

61 4738 158 4803 gunfur'
167 4732 261 4798 fateri,
275 4748 327 4786 non
341 4738 448 4801 propter
462 4730 581 4799 corporis
601 4730 678 4796 bona,
693 4731 734 4790 ref
748 4745 838 4786 earum

60 4837 148 4878 rerum
169 4837 228 4892 quae
248 4822 411 4877 extrinsecus
432 4820 531 4876 bomini
557 4820 678 4875 accidunt
691 4861 698 4882 ,
713 4820 838 4877 colendos

60 4910 139 4976 deos;
152 4909 363 4982 quandoquidem
380 4909 424 4964 ille
438 4924 528 4963 carere
542 4908 583 4963 bis
596 4910 718 4965 omnibus
732 4910 836 4977 maluit,

48 4998 136 5073 'quam
147 5001 212 5067 deps
221 5017 269 5072 per
277 5016 343 5072 quos
354 5001 454 5070 juravit
465 4998 608 5056 offendere.
618 5000 670 5056 Sed
680 5001 742 5072 quid
756 5001 837 5057 facia-

899 455 959 498 mus
971 441 1121 501 bominibus
1126 446 1171 516 qui
1180 442 1326 517 gloriantur
1334 447 1412 504 talem
1420 463 1450 504 se
1457 449 1581 507 babuisse
1588 453 1685 518 cirac,

900 535 1005 604 qualem
1018 536 1375 594 timentbabereeiritatcmi
1389 540 1498 606 Quodsi
1513 556 1566 597 non
1582 543 1687 613 timent,

904 624 956 680 tale
965 639 1029 696 ergo
1042 626 1152 697 aliquid,
1164 628 1243 699 qualo
1255 630 1350 686 accidit
1360 632 1460 702 Regulo
1472 673 1480 698 ‚
1492 635 1571 690 etiam
1586 636 1687 697 ciuitati

902 727 956 772 tam
966 717 1107 788 diligenter
1117 759 1125 788 ,
1136 734 1215 791 quam
1229 720 1295 787 ille,
1313 722 1378 778 deos
1391 724 1489 780 colenti
1504 726 1624 783 accidere
1636 744 1686 799 po-

902 809 984 865 tuisse
997 808 1135 877 fateantur,
1145 819 1172 867 et
1184 811 1335 868 christianis
1343 816 1505 886 temporibus
1519 833 1571 873 non
1585 820 1688 874 caium·

901 900 1016 956 nientur.
1032 901 1129 956 ilerum
1142 903 1251 973 quiade
1264 905 1316 960 iilis
1329 904 1486 964 Christianis
1499 919 1556 964 orta
1570 912 1682 982 quaestio

901 998 951 1057 cst,
972 991 1016 1062 qui
1026 992 1105 1048 etiam
1115 993 1210 1064 captiti
1230 994 1301 1051 direti
1314 998 1410 1064 sunt¹;
1427 997 1478 1055 boc
1492 1001 1643 1058 intueantur
1657 1013 1686 1060 ct

901 1089 1024 1151 taccam,
1037 1084 1081 1154 qui
1093 1083 1274 1141 saluberrimae
1294 1088 1415 1157 religioni
1439 1089 1501 1146 binc
1520 1093 1686 1162 impudenter

901 1179 980 1242 atque
998 1173 1178 1245 impmdcnter
1193 1176 1325 1232 illudunt:
1339 1178 1400 1249 quia
1414 1179 1437 1236 si
1451 1180 1502 1237 diis
1515 1197 1608 1239 eorum
1622 1201 1687 1256 pro·

901 1263 951 1320 bro
960 1280 1012 1320 non
1026 1266 1083 1327 fuit.
1095 1267 1164 1336 quod
1177 1269 1368 1327 attentissimos
1379 1272 1465 1327 cultor
1483 1274 1606 1342 illorum,
1620 1276 1684 1333 dum

902 1354 942 1410 eis
952 1355 1124 1426 iurisiurandi
1138 1358 1217 1414 iidem
1242 1370 1377 1429 servaret,
1403 1364 1486 1432 patria
1502 1367 1601 1433 caruit,
1624 1383 1684 1425 curu

902 1444 979 1499 aliam
993 1460 1046 1501 non
1060 1445 1170 1503 baberet
1182 1490 1189 1516 ,
1201 1450 1372 1521 captivusque
1384 1452 1453 1523 apud
1464 1453 1554 1510 hostes
1567 1471 1614 1527 per
1625 1456 1685 1512 lon·

900 1549 961 1605 gam
971 1545 1082 1592 mortem
1093 1539 1223 1610 supplicio
1231 1541 1241 1573 ¹
1249 1557 1327 1598 norae
1339 1543 1502 1601 crudelitatis
1516 1548 1620 1603 occisus
1632 1536 1683 1604 est:

902 1625 1082 1682 multominus
1094 1644 1191 1684 nomen
1205 1630 1398 1688 criminandum
1416 1643 1458 1690 est
1471 1635 1644 1692 christianum
1657 1639 1685 1693 in

901 1718 1052 1789 captivitate
1064 1731 1226 1777 sacratorum
1237 1738 1357 1794 suorum,
1369 1729 1413 1796 qui
1424 1742 1566 1798 supernam
1573 1731 1684 1799 patriam

901 1809 989 1865 veraci
1007 1809 1059 1867 fide
1081 1821 1275 1882 expectantes,
1294 1817 1373 1872 etiam
1394 1818 1422 1872 in
1433 1820 1488 1874 suis
1501 1819 1609 1876 sedibus
1621 1836 1683 1891 pcr-

901 1902 1007 1971 egrinos
1021 1917 1050 1958 se
1064 1917 1124 1960 esse
1133 1906 1292 1985 troveruntfl
1305 1906 1376 1963 Petr.
1391 1926 1420 1977 u,
1432 1910 1489 1980 if).

901 2014 1012 2072 CAPUT
1030 2015 1177 2071 xvi-dn
1191 2018 1284 2089 unprir
1293 2060 1301 2083 ,
1311 2035 1367 2089 quoe
1378 2021 1452 2074 etium
1464 2032 1606 2078 sanctarum
1620 2027 1685 2095 forts

935 2105 1059 2176 vispinum
1081 2114 1117 2160 ert
1137 2123 1213 2176 possa
1233 2109 1383 2178 captivitas,
1397 2112 1563 2166 contaminari
1575 2116 1684 2183 potuerit

935 2195 1014 2249 uirtus
1026 2196 1104 2249 uninti
1117 2196 1171 2250 sine
1188 2198 1322 2253 uoluntatis
1333 2215 1447 2257 armen.

934 2305 1056 2376 lfagnum
1066 2320 1131 2363 sane
1142 2307 1280 2366 crimense
1289 2318 1381 2380 putant
1389 2312 1504 2384 obiicere
1516 2314 1683 2388 Christianis,

900 2409 1060 2451 cumeorum
1074 2406 1263 2468 exaggerantes
1274 2402 1457 2472 captivitatem
1468 2444 1477 2471 ,
1489 2404 1589 2462 addunt
1602 2409 1683 2464 etiam

900 2497 989 2559 stupra
1011 2491 1174 2558 commissa,
1193 2505 1245 2546 non
1260 2494 1346 2548 sulum
1369 2495 1395 2549 io
1409 2495 1496 2551 aliena
1512 2499 1679 2559 matrimonia

901 2577 1068 2650 virginesque
1080 2590 1222 2651 nupturas,
1242 2581 1289 2638 sed
1305 2584 1385 2639 etiam
1399 2585 1427 2640 in
1441 2587 1567 2657 quasdam
1580 2591 1680 2645 saneti·

899 2668 1036 2724 moniales.
1058 2669 1106 2725 ilic
1133 2686 1198 2726 nero
1224 2687 1278 2726 non
1303 2673 1388 2741 fides,
1408 2690 1461 2731 non
1491 2677 1596 2746 pietas,
1624 2694 1679 2735 non

899 2759 955 2829 ipsa
969 2761 1053 2814 virtus
1070 2775 1129 2831 qua
1149 2767 1256 2818 castitas
1279 2762 1398 2830 dieitur,
1421 2765 1470 2822 sed
1489 2776 1577 2823 nostra
1592 2769 1681 2838 potius

897 2848 1041 2918 disputatio
1054 2849 1122 2906 inter
1142 2851 1271 2920 pudorem
1284 2863 1362 2925 atque
1375 2857 1504 2913 rationem
1524 2858 1680 2929 quibusdam

897 2941 1182 3011 coarctaturangustiis
1191 2941 1240 3013 (a).
1250 2942 1305 2998 Nee
1319 2952 1419 3002 tantum
1432 2962 1554 3004 curamus
1566 2949 1609 3004 bie
1620 2950 1682 3007 alie-

897 3031 939 3087 nis
960 3033 1159 3101 responsionem
1183 3034 1316 3100 reddere,
1344 3047 1471 3106 qnantum
1493 3040 1557 3110 ipsis
1583 3043 1681 3098 nostris

897 3121 1114 3176 consolationem.
1128 3122 1169 3178 sn
1179 3123 1257 3192 igitur
1267 3125 1293 3177 in
1308 3126 1400 3194 primis
1413 3129 1526 3195 positum
1539 3136 1618 3200 atque
1631 3130 1679 3186 fir·

896 3223 1014 3279 matum,
1031 3214 1154 3268 virtutem
1165 3229 1214 3284 qua
1229 3223 1301 3270 recte
1322 3217 1437 3285 vivitur,
1458 3220 1491 3275 ab
1512 3221 1593 3276 animi
1613 3223 1676 3279 sede

896 3302 1022 3357 membris
1032 3303 1151 3369 corporis
1164 3304 1295 3373 imperare
1308 3347 1316 3370 ,
1334 3316 1506 3379 sanctumque
1517 3326 1613 3381 corpus
1628 3329 1678 3370 usu

896 3389 952 3445 lieri
963 3400 1061 3447 sancte
1074 3393 1231 3449 voluntatis:
1244 3410 1295 3465 qua
1309 3396 1466 3454 inconcussa
1476 3414 1508 3455 ac
1516 3402 1603 3457 stabili
1615 3420 1677 3473 per-

896 3492 1040 3546 manente,
1060 3484 1187 3555 quidquid
1203 3486 1271 3542 alius
1290 3486 1324 3542 de
1345 3503 1457 3558 corpore
1472 3492 1513 3547 rel
1527 3492 1553 3546 in
1567 3509 1679 3564 corpore

895 3567 999 3636 feeerit,
1012 3573 1082 3642 quod
1094 3573 1151 3628 sine
1161 3586 1267 3643 peceato
1279 3577 1386 3647 proprio
1397 3594 1450 3633 non
1467 3581 1551 3636 ualeat
1564 3584 1676 3652 evitari,

895 3663 1100 3733 praeterculpam
1108 3679 1167 3719 esse
1174 3665 1307 3735 patientis.
1318 3667 1370 3722 Sed
1382 3669 1441 3738 quia
1453 3686 1504 3725 non
1515 3672 1599 3728 solum
1608 3675 1679 3743 quod

895 3753 928 3809 ad
941 3754 1071 3820 dolorem,
1087 3771 1177 3810 rerum
1190 3757 1270 3812 etiarn
1281 3758 1351 3829 quod
1364 3759 1398 3815 ad
1409 3761 1544 3817 libidinem
1551 3764 1677 3833 pertinet,

895 3845 923 3902 in
943 3861 1054 3917 corpore
1074 3848 1160 3903 alieno
1181 3852 1327 3920 perpetrari
1346 3861 1449 3922 potest;
1475 3855 1601 3926 quidquid
1627 3858 1678 3914 tale

895 3935 991 3991 factum
1011 3936 1090 3994 fuerit
1103 3979 1111 4002 ,
1126 3947 1154 3993 ct
1166 3939 1189 3994 si
1201 3950 1329 3996 retentam
1351 3945 1565 4000 constantissimo
1588 3948 1678 4002 animo

897 4028 1050 4098 pudicitiam
1072 4045 1126 4085 uon
1143 4031 1260 4097 excutit,
1274 4031 1401 4100 pudorem
1416 4044 1504 4089 tamen
1517 4034 1627 4101 incutit;
1642 4053 1677 4094 ns

893 4119 1017 4175 credatur
1030 4119 1128 4175 factum
1150 4136 1209 4176 com
1225 4122 1321 4177 mentis
1342 4123 1421 4178 etiam
1441 4124 1591 4192 volontate,
1605 4128 1676 4198 quod

894 4211 951 4267 fleri
966 4210 1078 4267 fortasse
1092 4212 1149 4267 sine
1165 4213 1253 4267 caruis
1267 4214 1353 4284 aliqua
1367 4215 1501 4286 voluptate
1514 4234 1566 4272 non
1581 4222 1674 4289 potuit.

893 4321 1004 4379 cardi
1021 4320 1180 4377 xvii-De
1191 4332 1271 4377 merle
1282 4324 1424 4379 noluntaria
1442 4327 1473 4381 ab
1492 4339 1583 4383 metum
1597 4347 1676 4400 penu

1183 4415 1233 4470 at'ne
1245 4415 1383 4470 dedecoris.

928 4507 967 4562 lic
978 4522 1025 4575 pcr
1034 4505 1086 4562 boe
1095 4514 1123 4562 et
1133 4522 1193 4577 quac
1206 4522 1237 4562 se
1250 4507 1414 4576 occiderunt,
1427 4511 1613 4582 nequidquam
1626 4513 1675 4567 bu·

889 4597 1004 4670 jusmodi
1019 4606 1191 4668 pateremur,
1209 4599 1269 4668 quis
1285 4599 1413 4655 humanus
1437 4601 1546 4658 aflectus
1557 4604 1596 4658 cis
1609 4605 1674 4659 nolit

884 4685 1047 4762 ,ignosciiet
1059 4705 1117 4759 quae
1127 4705 1160 4746 se
1174 4691 1295 4746 occidere
1310 4692 1502 4760 noluerunt,ne
1512 4709 1560 4749 suo
1574 4694 1674 4749 facino·

829 4808 835 4821 ·
890 4797 921 4837 re
934 4783 1047 4837 alienum
1061 4780 1186 4851 flagitium
1199 4781 1360 4846 devitarent,
1375 4785 1493 4855 quisquis
1503 4786 1542 4840 eis
1556 4785 1607 4840 boc
1619 4787 1673 4841 eri·

891 4871 954 4932 mini
969 4871 1087 4935 dederit,
1102 4872 1158 4941 ipse
1169 4872 1278 4926 crimine
1294 4873 1450 4942 insipienti-u
1464 4889 1516 4927 nou
1540 4875 1640 4931 carebit
1649 4876 1670 4930 ⁸.

891 4960 996 5034 [xlm]
1010 4961 1076 5016 flam
1100 4960 1192 5031 utique
1213 4962 1235 5017 si
1260 4977 1312 5017 non
1334 4963 1396 5018 ficet
1409 4963 1508 5032 privata
1521 4967 1672 5033 potestate*

922 5096 930 5126 ¹
948 5093 1032 5143 eiures
1049 5100 1113 5152 uss,
1129 5092 1171 5156 qui
1188 5093 1260 5144 ctfurn
1280 5092 1392 5157 caprinae·
1407 5100 1469 5144 sum.
1491 5121 1521 5133 -
1542 5097 1578 5148 sie
1595 5106 1674 5152 nostri

87 5153 290 5204 ¹tfnd.arn.fr.
304 5161 330 5205 et
344 5155 418 5205 nostri
429 5160 584 5215 ennesius,
603 5151 646 5204 ssd
665 5153 721 5215 quin
736 5156 836 5217 juano·
888 5161 941 5204 tiss.
975 5163 1002 5205 n.

56 5220 93 5265 Μ

54 5343 103 5388 ifuc
113 5335 287 5400 pertinetifiud
297 5337 423 5395 mesconis,
434 5338 544 5386 mationa
564 5337 713 5395 lunisonem,
726 5351 777 5401 cap.
788 5339 834 5390 fil:

920 5218 930 5248 ¹
946 5222 1011 5273 tur..
1024 5214 1094 5277 lonqn
1112 5221 1187 5264 ntorte
1203 5222 1226 5264 et
1240 5211 1373 5277 mpetum·
1385 5215 1585 5270 dissentientibus
1598 5220 1671 5272 editis

85 5253 101 5308 ¹⁹
112 5277 175 5326 fibri
185 5273 299 5334 nonnulii,
311 5273 520 5338 etimnjnqrdnndo
530 5282 680 5339 peremerunt
691 5289 700 5326 :
710 5277 754 5326 sed
763 5277 834 5328 male.
888 5274 942 5326 aliis
952 5283 978 5325 et
996 5277 1168 5344 manuscriptis.
1235 5335 1240 5344 Ι

920 5337 931 5369 ⁸
946 5337 1057 5398 Plerique
1069 5343 1129 5394 uss,
1146 5348 1196 5397 tpsc
1204 5348 1309 5386 omnen:
1321 5342 1346 5385 et
1356 5349 1386 5386 ex
1396 5339 1424 5387 iis
1434 5342 1546 5401 perpauci
1556 5340 1617 5399 loco,
1629 5355 1670 5391 cn·
1768 5358 1770 5361 ¹

58 5414 69 5445 ι
80 5406 181 5448 nucum
192 5397 296 5448 etlilium
306 5396 421 5459 uegmtrm
429 5397 627 5459 carthaginenses
637 5400 738 5448 resectis
753 5399 835 5461 palpo·
888 5397 960 5456 redit,
973 5397 1077 5452 haireni,
1089 5396 1188 5464 emunt.
1199 5421 1230 5431 —
1240 5397 1392 5447 corbeiensis
1402 5413 1507 5462 quoque,
1517 5403 1568 5464 ipse
1579 5404 1669 5452 annun

57 5459 130 5509 «bris
145 5457 261 5520 illigatum
278 5461 302 5507 in
320 5458 427 5506 machina
445 5457 564 5566 vigilando
582 5465 768 5519 peremerunt.»
787 5469 835 5510 uon
887 5457 1027 5521 mripieudoe
1038 5457 1182 5505 nonencort
1196 5469 1204 5505 .·
1216 5457 1289 5505 bene.
1322 5465 1350 5506 tr.

53 5520 128 5570 turrito
137 5519 209 5569 aliter
219 5519 327 5569 raterius
339 5520 460 5576 fraximus,
481 5520 513 5567 ib.
525 5520 549 5578 9,
559 5533 610 5582 cap.
621 5519 644 5578 Ξ,
655 5528 706 5569 ext.
721 5521 742 5569 f.

917 5521 928 5551 ⁸
944 5526 1007 5572 tor..
1027 5517 1049 5566 si
1064 5529 1111 5566 non
1123 5516 1175 5566 ficet
1187 5517 1280 5581 priuata
1295 5525 1409 5583 potestate
1427 5520 1508 5572 duni.
1521 5523 1580 5573 Editi
1592 5522 1631 5573 alii
1643 5532 1669 5577 el

82 5581 95 5613 ⁸
110 5581 176 5629 vind.
190 5589 239 5628 nm.
252 5588 278 5631 et
289 5589 353 5639 ron,
365 5593 466 5643 quorun
482 5593 526 5642 pro
540 5581 605 5633 cultu
615 5579 739 5646 promitto·
753 5583 832 5646 abest,
886 5589 938 5630 uss.
950 5576 1161 5637 antinoensium.

41 5638 103 5704 pro,
114 5642 146 5690 ab
153 5648 190 5690 Fr.
200 5650 226 5690 et
236 5655 250 5690 a
278 5641 384 5703 ferisque
395 5642 568 5704 manuscriptis.

82 5701 216 5753 *somnii
271 5704 442 5767 icuscortsorr.

917 5642 953 5702 (n)
964 5647 1019 5687 uam
1031 5639 1106 5710 pudor
1117 5638 1228 5711 prodiret
1240 5641 1312 5693 edam
1327 5646 1433 5708 coquus
1450 5643 1602 5697 violationem
1620 5660 1667 5698 non

885 5703 971 5754 malam
981 5701 1037 5764 diei,
1049 5709 1110 5751 ratio
1121 5700 1143 5750 td
1153 5699 1231 5764 jubet.
