3900 6390
190 164 243 225 ros
790 144 796 191 ³
858 142 974 236 'unsa'
989 151 1145 242 rennos
1763 214 1815 273 ,ω

186 278 368 339 Gracchorum
379 284 491 357 agrestis
503 285 606 361 imitor
618 289 748 347 excitatae.
763 288 893 349 volebant
901 292 973 350 eninr
1029 294 1081 353 bec
1092 308 1135 369 est
1146 300 1174 356 in
1186 300 1246 359 luco
1259 306 1300 362 sul
1311 298 1418 378 operis,
1432 290 1666 377 adversarl'esum
1687 331 1816 387 canentu-

185 372 374 444 agrospopulo
383 373 512 463 dividere,
520 388 587 451 quos
599 378 723 437 nobilitas
735 397 873 455 perperam
886 376 975 458 possl·'
1027 392 1081 443 hm
1103 380 1187 447 adem
1200 393 1321 453 rideret?
1334 397 1397 458 ilaec
1414 418 1480 460 rana
1500 406 1647 469 ridentibus
1675 416 1751 473 nobis
1775 408 1814 478 nli

184 458 275 516 debat.
300 458 352 519 ser
369 470 422 520 tarn
445 462 580 524 vetustam
606 468 770 542 iniquitatem
788 470 888 531 audere
907 489 973 531 con·
1025 474 1097 535 docti
1109 480 1299 559 sapientesque
1308 493 1519 564 stomachantur,
1532 508 1560 555 et
1572 508 1661 560 tame'n
1674 507 1812 565 numlnnm

183 549 302 617 vellere,
316 554 589 635 periculosissimum}
603 560 744 631 imovero,
758 564 854 635 utipsa
867 565 973 623 rosdo-
1024 569 1154 628 bonorum
1183 568 1367 653 malorumque
1388 585 1504 643 cultores
1532 590 1566 647 de
1591 592 1643 651 bac
1664 598 1813 669 questione

182 641 254 708 cuit,
266 642 521 712 penairiosissimum
536 638 596 731 luit,
609 648 673 719 Qum
695 650 789 708 lunera
802 651 870 709 lacta
890 664 953 711 sunt
963 662 974 723 ,‘
1024 658 1181 724 Concordiae
1196 667 1393 746 Discordlthoe
1404 684 1457 735 nen
1469 692 1577 754 exeunt,
1591 684 1650 743 sive
1663 693 1809 759 praetermi-

181 747 243 788 cum
256 732 332 806 prior
343 734 478 796 Gracchus
489 737 528 814 (a)
542 731 645 821 occisus
658 741 720 800 esti
734 758 793 817 que
804 744 895 813 etiam.
909 760 972 803 cum
1024 752 1108 810 serint
1120 755 1212 813 bamro
1227 759 1336 818 dearum
1349 766 1466 836 cultum,
1480 772 1572 844 eisque
1590 776 1702 834 Febrem
1724 780 1811 838 llello·¹

181 822 250 879 alius
264 822 348 883 irater
361 826 420 896 ejus
433 843 485 884 non
498 828 578 902 longo
592 829 749 905 interposito
764 832 906 907 tempore?
920 828 974 921 Nef
1023 858 1137 917 namque
1146 851 1322 921 praetulerint,
1346 857 1445 928 quibus
1463 864 1569 936 antiqua
1588 866 1647 924 lana
1669 869 1811 937 iecerunt:

181 926 234 982 que
253 912 326 970 enirn
344 915 448 989 legibus
469 927 497 976 et
517 918 610 977 ordine
631 930 810 994 potestatum,
825 923 872 981 ted
887 925 971 983 turbis
1022 935 1079 993 sire
1093 948 1119 993 et
1136 940 1200 998 istas
1210 946 1356 1014 coluerint,
1370 964 1430 1007 erm
1448 954 1488 1010 sic
1499 971 1555 1023 eos,
1569 958 1724 1020 discedente
1737 963 1808 1022 Gon·

180 998 973 1089 armorumquecoahicttbusnobitesipnobttesqueneoebanl
1021 1027 1123 1096 cordia,
1139 1033 1273 1094 bismrdia
1287 1042 1400 1098 seriens
1416 1047 1546 1116 usquead
1558 1050 1645 1107 cirilia
1663 1054 1732 1112 bella
1742 1071 1808 1127 per·

181 1105 234 1154 tur.
246 1095 310 1155 Post
323 1098 435 1156 Gracchi
452 1102 562 1160 alterius
572 1103 609 1178 (b)
626 1104 856 1176 interiectlonem,
872 1108 971 1169 Lucius
1021 1116 1135 1176 duxerit.

179 1188 301 1261 Opimius
311 1194 421 1260 consul,
431 1194 476 1267 qui
490 1195 617 1255 adversus
631 1213 692 1254 eum
707 1190 774 1256 intra
784 1198 883 1259 Urbem
895 1214 974 1260 arma¹

179 1278 475 1355 coarmorerat,eoqtte
488 1301 549 1342 cunr
562 1287 642 1343 sociis
656 1303 784 1362 oppresse
798 1300 825 1349 et
838 1295 969 1351 exstincto
1020 1270 1133 1332 CAPUT
1151 1276 1245 1335 mn·
1264 1311 1300 1324 “
1318 1281 1357 1338 ⁰⁶
1377 1285 1481 1342 ‘filins‘
1496 1290 1628 1360 timim
1652 1293 1726 1365 iim·
1745 1312 1805 1370 Μ

180 1370 314 1442 ingentem
334 1373 431 1430 citium
445 1371 560 1448 stragem
583 1376 698 1447 iecerat,
713 1395 773 1438 cunr
794 1385 968 1454 questionem
1029 1438 1032 1446 .

181 1460 293 1520 haberet
312 1463 367 1536 jam
390 1465 526 1537 judiciaria
548 1469 720 1542 inquisitione
740 1480 852 1531 caeteros
875 1490 967 1547 perse·

151 1612 153 1616 ,
178 1567 266 1623 quens
277 1593 287 1620 ,
300 1555 350 1610 tria
365 1555 444 1612 millia
457 1556 593 1615 bominum
607 1559 737 1617 occidisse
747 1561 910 1633 perhibetur.
926 1565 966 1623 Ex

178 1658 233 1713 quo
242 1642 458 1718 intelligipotest,
469 1657 593 1721 quantam
608 1651 803 1710 multitudinem
816 1656 941 1712 mortium

179 1730 280 1792 haltere
293 1738 410 1807 potuerit
423 1737 544 1795 turbidus
554 1738 692 1797 conflictus
704 1756 851 1813 armornm,
859 1747 965 1817 quande

178 1834 277 1884 tautam
291 1828 382 1887 habuit
396 1829 557 1902 iudiciorum
572 1835 645 1891 velut
663 1835 813 1893 examinata
834 1841 961 1912 cognitio.

177 1908 321 1977 Percussur
334 1918 446 1980 Gracchi
469 1923 552 1996 ipsius
562 1935 643 1997 capnt
655 1938 782 1998 quantum
791 1945 872 2002 qnare
884 1942 941 1990 erat
953 1975 961 2002 ,

176 2017 251 2065 mato
270 2011 328 2066 auri
344 2013 461 2084 pondere
475 2015 578 2072 consuli
594 2010 713 2074 vendidit
723 2035 731 2074 ι
743 2016 802 2076 hec
817 2020 889 2079 enlm
912 2037 962 2095 pt·

174 2096 335 2157 muralem
348 2113 533 2175 praecesserat.
545 2104 634 2178 inqua
646 2109 725 2166 etiam
734 2110 838 2170 occisus
851 2123 892 2171 est
900 2130 961 2172 eum

174 2189 384 2251 liberis'llarcus
394 2194 503 2253 Fuluius
515 2198 673 2256 consularis.

181 2325 297 2384 carun
315 2291 399 2385 xil.
412 2359 449 2372 -
461 2329 500 2387 ils
514 2332 568 2387 eds
579 2330 726 2391 Concordia
736 2353 768 2392 er
785 2349 947 2397 temtwoa·

252 2420 320 2476 trito
331 2421 359 2476 ia
372 2423 427 2478 ioco
435 2424 587 2480 seditiosam
605 2434 629 2482 et
642 2427 749 2484 reden
764 2431 877 2487 condito.

205 2551 326 2625 Eleganti
347 2568 412 2613 sane
430 2557 708 2615 senatusconsultum
734 2559 793 2631 ipso
809 2562 887 2629 loco,
912 2564 962 2622 ubi'

168 2643 297 2702 hrrrereus
316 2647 444 2705 tumultus
466 2649 510 2706 ille
525 2651 685 2708 commissus
700 2662 751 2719 est,
767 2654 811 2710 ubi
829 2665 868 2712 tot
884 2657 956 2716 cites

166 2736 268 2794 ordinis
290 2738 417 2811 cujusque
430 2740 600 2811 ceciderunt,
613 2742 685 2800 edes
710 2742 866 2803 Guncmdur
886 2747 954 2805 laeta

165 2838 218 2896 est,
234 2837 263 2885 ut
276 2829 454 2887 Gracchorum
471 2846 555 2903 prenae
569 2834 644 2889 testis
658 2836 872 2893 concionantium
886 2853 954 2896 oca·

166 2920 339 2989 losleriret,
364 2925 574 2997 memoriamque
599 2937 800 2999 compungeret.
825 2929 879 2987 Sed
902 2931 954 2991 boc

163 3014 228 3088 quid
239 3014 310 3070 aliud
324 3014 383 3081 luit,
394 3030 473 3088 quant
486 3016 573 3073 irrisio
583 3016 705 3083 deorum,
714 3018 816 3076 illidetc
825 3023 952 3094 templum

163 3105 322 3165 construere
332 3148 340 3172 ,
351 3122 411 3180 que
424 3106 448 3163 si
462 3116 534 3164 esset
548 3108 573 3163 in
591 3108 718 3179 ciuitate,
731 3125 784 3167 non
801 3112 880 3167 tantis
893 3112 953 3169 dis·

162 3198 331 3256 tensionibus
350 3198 493 3255 diducente
509 3198 664 3256 corrueret?
682 3200 733 3256 nisi
754 3199 825 3257 lorte
841 3203 952 3262 sceleris

162 3288 242 3363 bnjus
256 3305 301 3346 rea
312 3289 471 3356 Concordia,
486 3290 547 3362 quia
559 3290 714 3348 deseruerat
727 3294 830 3350 animos
841 3293 948 3365 civium,

162 3382 259 3440 meruit
275 3382 301 3438 in
315 3382 429 3439 iliande
447 3392 571 3454 tanquam
592 3384 620 3440 in
645 3399 753 3443 carcere
777 3387 885 3444 includi.
896 3388 950 3447 Gur

161 3480 243 3541 enirm
253 3475 277 3533 si
288 3474 367 3532 rebus
377 3475 459 3543 pestis
481 3490 629 3547 congruere
653 3477 805 3547 volucrunt,
832 3494 886 3536 nou
911 3480 948 3539 ihi

160 3560 345 3641 potiustedcm
364 3565 506 3622 biscordiae
526 3565 741 3623 lubricaverunt?
755 3583 788 3624 an
810 3569 862 3624 ulla
880 3572 948 3627 ratio

159 3648 291 3725 redditur,
302 3657 507 3715 curGoncordia
521 3659 571 3716 dea
585 3659 630 3726 ait,
646 3670 673 3717 et
686 3659 821 3718 Discordia
831 3661 880 3718 dea
893 3679 946 3720 non

159 3751 210 3817 sit;
225 3760 254 3807 ut
272 3749 417 3806 secundum
437 3748 569 3807 Labeonis
588 3749 795 3819 distinctionem,
821 3753 890 3810 bona
911 3755 947 3812 sit

159 3842 219 3909 itta,
233 3840 279 3897 iila
292 3856 356 3897 rero
367 3838 436 3896 mala
447 3838 566 3912 (riiNec
573 3838 630 3911 ipse
637 3841 707 3897 aliud
718 3852 824 3899 secutus
832 3844 944 3912 videtum,

158 3948 237 4006 qrram
252 3931 323 4004 quod
333 3930 450 3987 advertit
460 3930 553 3987 Romae
563 3932 644 3988 etiam
656 3930 747 3999 Febrt,
762 3933 830 3990 sicut
842 3934 943 4003 Salub,

158 4025 288 4095 templum
302 4023 484 4079 constitutum.
496 4021 536 4077 Eo
554 4021 635 4093 igitur
656 4022 735 4079 modo
761 4037 814 4079 non
842 4031 944 4080 tantum

158 4114 332 4180 concordie,
344 4128 436 4171 rerum
454 4114 533 4171 ctiam
553 4114 696 4170 biscurdim
708 4117 832 4172 cunstitui
841 4116 942 4173 debuit.

157 4207 309 4265 Periculose
326 4207 414 4277 itaque
427 4206 539 4262 Rotnani
560 4217 612 4262 tarn
627 4206 756 4264 maiades
777 4209 842 4265 irata
856 4209 945 4267 rivere

157 4299 307 4367 retuterunt,
317 4312 367 4354 nec
379 4298 520 4369 Troianum
533 4297 665 4355 excidium
678 4300 849 4356 recoluerunt
860 4302 942 4373 oripi·

156 4405 217 4446 nem
231 4390 268 4446 ab
280 4389 338 4461 ejus
350 4387 497 4444 uh'ensione
513 4389 669 4461 sumpsisse.
691 4390 749 4461 lpsa
761 4392 859 4464 qnippe
881 4394 943 4464 quia

156 4482 224 4538 inter
237 4482 303 4538 deos
316 4497 367 4536 non
378 4479 463 4535 luerat
472 4479 590 4546 inritata,
606 4480 683 4537 trium
693 4481 802 4544 dearum
815 4482 856 4554 (d)
870 4484 944 4542 litem

155 4574 227 4630 aurci
242 4573 303 4630 unali
316 4574 497 4644 suppositione
518 4583 666 4629 commenta
685 4585 727 4630 est
747 4576 758 4608 ¹
775 4576 867 4633 :unde
886 4579 943 4633 rina

156 4672 306 4736 numinum,
332 4679 360 4725 et
383 4669 470 4725 Verrius
496 4666 601 4730 victrix,
628 4676 655 4723 et
679 4678 755 4738 rapta
781 4669 893 4737 belena,
917 4679 945 4726 et

154 4763 233 4834 'froja
247 4763 345 4818 deleta.
360 4761 536 4832 Quapropter,
550 4758 574 4818 si
585 4758 652 4816 torto
667 4759 800 4832 indignata
813 4761 883 4834 quod
899 4762 943 4816 in-

155 4864 196 4912 ter
209 4854 276 4910 deos
294 4853 321 4909 iu
344 4852 417 4911 Urbe
445 4853 547 4908 nullum
574 4852 702 4923 tempium
723 4853 821 4910 babere
836 4856 943 4924 meruit,

155 4945 216 5001 ideo
226 4946 281 5015 jam
293 4943 416 4998 turbabat
429 4944 508 4999 tantis
521 4942 678 4999 tumultibus
692 4943 844 5010 civitatem
858 4960 939 5017 quan·

156 5048 183 5095 to
201 5037 320 5093 atrocius
339 5035 425 5108 potuit
441 5034 558 5105 irritari,
571 5049 633 5093 cum
647 5035 674 5092 in
687 5036 747 5093 loeo
760 5037 831 5094 illius
848 5037 940 5105 endis,

154 5259 323 5375 &manum
341 5260 452 5323 codices,
471 5266 629 5313 mortnorttrn.
639 5286 671 5299 -
681 5262 757 5314 bosni
774 5259 856 5324 totid..
881 5274 946 5313 rnor-

185 5386 249 5436 ⁸sic
259 5392 312 5435 ttss
324 5383 383 5434 rdttl
394 5395 464 5443 rere,
481 5389 689 5436 moneremque

195 5460 211 5496 a
231 5446 343 5496 liberius
352 5445 477 5495 mechus.
489 5444 547 5494 vlde
558 5457 631 5508 supra
643 5445 685 5519 lib.
696 5443 720 5510 2,
732 5457 786 5511 esp.
795 5443 834 5499 tt.

195 5506 210 5558 b
231 5508 279 5557 tati
289 5504 518 5556 Greoehhl‘ittlarclt.
530 5507 681 5558 itthoehts.

197 5583 211 5619 c
237 5568 296 5618 tide
307 5580 390 5631 supra,
403 5566 446 5615 lib.
457 5565 482 5625 2,
493 5579 546 5628 cap.
560 5568 599 5639 lt.

197 5632 226 5695 d)
236 5631 345 5689 tunmris,
356 5627 456 5678 calladis
464 5635 492 5678 et
501 5634 611 5678 lenens.

273 5712 387 5778 Sancn.
413 5714 550 5774 huenen.
565 5709 635 5773 llll.
751 5724 755 5731 ·

1101 1379 1157 1438 post
1168 1372 1297 1428 conditum
1311 1375 1389 1431 edem
1403 1375 1552 1437 concordior
1560 1393 1618 1439 reat
1626 1396 1719 1442 reste

1053 1513 1212 1576 Praeclarum
1233 1537 1298 1578 vero
1309 1524 1483 1584 seditionibus
1496 1530 1505 1562 ¹
1516 1530 1697 1605 obstaculum,
1716 1539 1802 1601 ment

1017 1602 1173 1666 Concordiae
1193 1621 1288 1671 testem
1315 1617 1398 1674 credis
1422 1621 1598 1694 suppliciique
1619 1626 1801 1691 Gracchorum

1017 1698 1237 1761 concionantibus
1254 1708 1438 1779 opponendam
1458 1721 1594 1783 putarunt.
1614 1717 1747 1788 Quantum
1766 1739 1802 1783 ex

1015 1785 1067 1845 boc
1081 1791 1258 1864 proiecerint,
1272 1798 1390 1858 indicam
1400 1815 1492 1861 secuta
1508 1807 1611 1879 peiora.
1634 1811 1807 1876 Laborarunt'

1014 1879 1085 1935 euim
1097 1880 1223 1957 deinceps
1232 1889 1444 1961 concionatores,
1458 1910 1512 1952 non
1522 1900 1672 1970 exemplum
1681 1903 1800 1965 devitare

1013 1968 1204 2047 Gracchorum,
1215 1979 1262 2036 sed
1271 1994 1399 2053 superare
1411 1987 1587 2057 propositum,
1597 1990 1695 2050 Lucius
1708 1994 1804 2052 satum

1012 2063 1092 2121 ninus
1102 2067 1224 2127 tribunus
1236 2072 1336 2143 plebis,
1349 2084 1377 2131 et
1398 2076 1479 2134 Gaius
1498 2079 1627 2139 Servilius
1643 2095 1757 2155 pretor,
1771 2098 1798 2148 ct

1011 2154 1095 2211 multo
1106 2168 1166 2228 post
1178 2157 1217 2234 (a)
1230 2161 1335 2221 llarcus
1347 2165 1459 2236 Drusus,
1467 2184 1579 2241 quorum
1592 2175 1710 2233 omnium
1727 2180 1798 2235 sedi-

1010 2243 1126 2304 tionibus
1145 2251 1232 2309 cardes
1246 2255 1332 2325 primo
1350 2256 1405 2328 lam
1424 2268 1487 2316 tune
1506 2263 1680 2334 gravissime,
1699 2267 1796 2329 deinde

1009 2338 1118 2398 socialia
1124 2342 1193 2400 bella
1202 2359 1358 2405 exarsemnt
1368 2349 1406 2425 (b)
1418 2369 1425 2405 :
1437 2352 1532 2430 quibus
1540 2353 1614 2412 ltalia
1625 2357 1796 2420 relremcnter

1008 2430 1118 2503 aihicta,
1133 2446 1160 2493 et
1170 2438 1205 2494 ad
1219 2441 1369 2498 rastiutem
1383 2443 1551 2501 mirabilem⁸
1565 2447 1795 2525 desertionemque

1007 2525 1134 2594 perducta
1156 2537 1208 2585 cst.
1227 2531 1329 2589 Bellum
1350 2533 1446 2590 deinde
1471 2535 1568 2593 servile
1591 2541 1721 2597 successit
1741 2541 1791 2616 (r),

1007 2621 1035 2671 el
1047 2614 1458 2695 bellacirtttazmquibus’qua
1469 2625 1789 2703 praetermiseramus,

1005 2711 1071 2785 quid
1084 2713 1220 2784 sanguinis
1229 2714 1336 2771 insumi
1356 2724 1386 2772 ut
1401 2732 1495 2774 omnes
1515 2718 1572 2777 iere
1592 2720 1665 2778 itale
1678 2733 1790 2794 gentes,

1004 2804 1101 2876 quibus
1120 2806 1269 2865 Romanum
1290 2809 1406 2866 maxime
1424 2810 1598 2882 prepollebat
1622 2814 1789 2886 imperium,

1006 2903 1132 2966 tanquam
1143 2911 1213 2954 seva
1226 2897 1383 2956 barbarics⁸
1396 2898 1579 2957 domarentur.
1597 2902 1655 2961 lam
1677 2920 1709 2961 er
1725 2921 1791 2978 pau·

1003 2985 1128 3054 cissimis,
1142 2986 1192 3043 boc
1204 2997 1245 3045 est
1259 2990 1347 3046 minus
1360 3005 1440 3063 quam
1461 2993 1645 3064 suptuaginta,
1659 2996 1786 3068 qladiato⁵

1002 3078 1077 3136 ribus
1096 3080 1318 3150 quemadmodum
1330 3083 1428 3141 bellum
1444 3086 1541 3143 servile
1557 3096 1723 3146 contractum
1738 3094 1789 3164 sit,

1002 3166 1036 3223 ad
1052 3177 1180 3239 quantum
1196 3185 1335 3226 numerum
1351 3181 1379 3229 et
1402 3188 1480 3244 quam
1505 3189 1595 3231 acrem
1619 3173 1790 3253 ferocemque

1001 3259 1152 3327 pervenerit
1167 3274 1255 3330 :quos
1280 3260 1325 3318 ille
1350 3277 1478 3320 numerus
1500 3264 1675 3336 imperatores
1699 3275 1789 3344 populi

1000 3347 1113 3405 Romani
1128 3352 1294 3423 superaverit
1307 3370 1315 3408 ι
1328 3369 1395 3426 quas
1414 3364 1442 3412 et
1456 3358 1590 3427 quomodo
1608 3360 1728 3419 civitates
1745 3381 1788 3422 re-

999 3441 1145 3514 pronosque
1157 3446 1318 3511 rastamrit,
1333 3447 1377 3501 rix
1393 3447 1438 3518 qni
1460 3448 1599 3506 historiam
1619 3444 1793 3526 conscripse·¹

998 3543 1073 3601 runt,
1085 3535 1151 3591 satis
1161 3536 1294 3607 explicare
1308 3547 1452 3608 potuerunt
1464 3539 1515 3613 (d).
1541 3539 1634 3614 Neque
1652 3543 1677 3599 id
1699 3546 1786 3605 sulum

1026 3771 1307 3894 :fflluawtim
1327 3843 1355 3887 tt
1373 3838 1688 3902 nauumtpttmrtrotttem.
1699 3849 1790 3912 ltntro-¹

996 3897 1052 3959 plus
1066 3898 1099 3947 de
1113 3895 1180 3946 hello
1196 3895 1279 3947 sociali
1289 3904 1316 3947 et
1328 3897 1395 3971 ‘cirili
1406 3912 1483 3972 agens
1502 3899 1580 3974 llb55,
1599 3916 1710 3977 numerat
1725 3918 1783 3978 ⁰9¹¹·

995 3966 1104 4021 sumptos
1115 3958 1177 4008 ultra
1188 3965 1466 4032 eentumuqmnqnagmta
1485 3960 1559 4012 mallia
1576 3963 1708 4026 hommum,
1720 3980 1785 4018 mros

995 4019 1135 4070 consulares
1144 4019 1184 4080 st,
1196 4027 1323 4143 §certos
1334 4020 1501 4133 ¹{hosenatores
1520 4022 1575 4074 lere
1588 4025 1643 4076 ³0⁰.
1661 4031 1789 4099 censeam

995 4088 1062 4132 (trus.
1075 4080 1117 4130 lib.
1128 4083 1153 4144 tt,
1163 4095 1186 4133 c.
1248 4080 1295 4133 sed
1309 4094 1334 4130 m
1403 4082 1487 4147 piures
1502 4085 1635 4137 exstlmos
1644 4086 1717 4139 tradit
1728 4089 1770 4140 vel

993 4139 1094 4278 ¹9¹3·ae
1105 4182 1205 4263 rocula‘,
1215 4202 1243 4255 bt
1252 4200 1347 4268 quibet,
1357 4203 1447 4289 desum
1464 4207 1491 4258 ln
1508 4207 1719 4264 mmhommlms
1733 4225 1784 4264 raa-

995 4267 1658 4399 ¹¹uffart}:iff'tnfb'nrtr.teretertedittetmesammones.
1690 4396 1696 4407 ,
1728 4397 1733 4408 Ι

995 4387 1782 4526 ιιιιωωιιιωᾚιιιβιιᾞι

995 4518 1062 4576 port,·
1072 4514 1128 4587 qula
1139 4519 1235 4574 septem
1243 4522 1319 4561 tunes
1329 4519 1422 4585 ιᾳυιιιιιι
1430 4526 1444 4562 a
1451 4520 1576 4564 saturnino
1584 4516 1681 4589 trtburm
1688 4517 1718 4566 ad
1727 4527 1782 4567 nar·

995 4575 1784 4698 telatllttdlstlallhlsttslltltbtttt

995 4694 1247 4822 pffiffloflgetln
1256 4768 1312 4820 que
1327 4757 1354 4806 ln
1364 4764 1480 4809 namanes
1490 4758 1548 4809 senil
1559 4770 1645 4809 eorum
1652 4763 1784 4824 eteopnatl

995 4827 1163 4883 utscepernnt,
1175 4819 1291 4880 ttbrusm
1299 4819 1381 4891 laum,
1392 4821 1536 4893 samuhele

1027 4884 1063 4946 (e)
1074 4883 1165 4933 sellum
1175 4880 1266 4932 servile
1276 4880 1340 4930 ahud
1351 4878 1433 4931 sorith
1451 4879 1517 4931 bello
1528 4881 1594 4942 prins
1604 4877 1658 4938 luit,
1666 4879 1739 4944 lquod
1750 4882 1783 4932 ab

996 4948 1124 5008 tunosyro
1130 4942 1232 5007 quodam
1242 4953 1316 5016 servo
1327 4939 1695 5016 excitatumetacleoneserro
1702 4942 1783 5016 altero

997 5006 1179 5069 posteaJunctis
1188 5005 1412 5068 eopitsreboratum
1422 5004 1505 5054 scrtbtt
1523 5003 1599 5052 tarius
1610 5000 1652 5051 hb.
1662 5004 1701 5054 bd.
1715 5003 1783 5054 thud

997 5068 1215 5140 autemlposterius
1232 5073 1378 5117 contractum
1394 5077 1426 5114 ex
1440 5061 1620 5137 gladiatoribus,
1638 5076 1700 5147 quos
1716 5065 1782 5114 idem

996 5133 1060 5243 ts
1070 5128 1318 5263 ltarsartttst
1329 5131 1780 5299 testartrseapgraffirr

996 5252 1383 5369 summissam.
1408 5247 1581 5360 creet
1592 5262 1782 5361 ,irruam

995 5377 1109 5443 gualam
1119 5375 1158 5424 bic
1166 5374 1263 5446 etinira
1273 5371 1316 5421 lib.
1326 5371 1352 5432 h,
1362 5383 1415 5445 esp.
1426 5372 1450 5422 li.
1510 5431 1516 5443 .
1703 5432 1709 5443 ι

1029 5438 1064 5499 (c)
1075 5444 1109 5485 be
1124 5430 1354 5507 gladiatorro'bello,
1372 5430 1639 5503 cremonensem
1653 5439 1781 5517 tppramrs,

998 5501 1031 5553 de
1042 5497 1113 5547 hellis
1123 5496 1243 5556 civiltbus,
1258 5495 1301 5544 lrb.
1317 5496 1329 5544 l
1348 5508 1373 5544 tn
1387 5493 1449 5545 line·
1468 5491 1558 5552 lions,
1575 5493 1618 5543 hb.
1636 5493 1662 5547 3.
1673 5505 1726 5563 cap.
1737 5488 1780 5549 stt,

998 5558 1138 5684 1⁸11&th
1148 5558 1278 5670 mla&
1287 5558 1374 5683 imag,
1382 5557 1430 5670 gni
1439 5531 1486 5608 hoc
1499 5551 1593 5606 bellum
1600 5550 1781 5617 conloctt30ro-

1097 5628 1111 5670 ,ι
1128 5632 1143 5671 e
1214 5652 1222 5682 ,
1270 5653 1276 5668 Ι
1302 5654 1310 5681 ,
1368 5654 1374 5668 0
1400 5653 1407 5668 Ο

1490 5695 1672 5780 teoto-r.
1760 5684 1763 5691 ·

1519 5852 1529 5871 b
