<?xml version="1.0" encoding="UTF-8"?>
<!DOCTYPE html PUBLIC "-//W3C//DTD XHTML 1.0 Transitional//EN"
    "http://www.w3.org/TR/xhtml1/DTD/xhtml1-transitional.dtd">
<html xmlns="http://www.w3.org/1999/xhtml" xml:lang="en" lang="en">
 <head>
  <title>
</title>
<meta http-equiv="Content-Type" content="text/html;charset=utf-8" />
  <meta name='ocr-system' content='tesseract 3.04.00' />
  <meta name='ocr-capabilities' content='ocr_page ocr_carea ocr_par ocr_line ocrx_word'/>
</head>
<body>
  <div class='ocr_page' id='page_1' title='image "./sanctiaureliiau04augugoog/sanctiaureliiau04augugoog_0357.png"; bbox 0 0 3900 6390; ppageno 0'>
   <div class='ocr_carea' id='block_1_1' title="bbox 115 319 163 373">
    <p class='ocr_par' dir='ltr' id='par_1_1' title="bbox 115 319 163 373">
     <span class='ocr_line' id='line_1_1' title="bbox 115 319 163 373; baseline 0.021 -1"><span class='ocrx_word' id='word_1_1' title='bbox 115 319 163 373; x_wconf 78' lang='lat' dir='ltr'>uel</span> 
     </span>
    </p>
   </div>
   <div class='ocr_carea' id='block_1_2' title="bbox 90 425 898 4689">
    <p class='ocr_par' dir='ltr' id='par_1_2' title="bbox 90 425 898 4689">
     <span class='ocr_line' id='line_1_2' title="bbox 113 425 895 497; baseline -0.005 -12"><span class='ocrx_word' id='word_1_2' title='bbox 113 432 221 491; x_wconf 90' lang='lat' dir='ltr'>dicitur,</span> <span class='ocrx_word' id='word_1_3' title='bbox 245 430 307 484; x_wconf 85' lang='lat' dir='ltr'>Sine</span> <span class='ocrx_word' id='word_1_4' title='bbox 321 438 433 482; x_wconf 81' lang='lat' dir='ltr'>mertuos</span> <span class='ocrx_word' id='word_1_5' title='bbox 452 426 557 497; x_wconf 78' lang='lat' dir='ltr'>sepelire</span> <span class='ocrx_word' id='word_1_6' title='bbox 582 436 692 480; x_wconf 81' lang='lat' dir='ltr'>mortuos</span> <span class='ocrx_word' id='word_1_7' title='bbox 707 443 765 480; x_wconf 81' lang='lat' dir='ltr'>snex</span> <span class='ocrx_word' id='word_1_8' title='bbox 788 425 895 497; x_wconf 73' lang='lat' dir='ltr'>(liniti.</span> 
     </span>
     <span class='ocr_line' id='line_1_3' title="bbox 113 516 897 587; baseline 0.001 -16"><span class='ocrx_word' id='word_1_9' title='bbox 113 537 168 582; x_wconf 85' lang='grc' dir='ltr'>ιιιι,</span> <span class='ocrx_word' id='word_1_10' title='bbox 181 520 237 587; x_wconf 67' lang='lat'>22).</span> <span class='ocrx_word' id='word_1_11' title='bbox 252 519 367 574; x_wconf 75' lang='lat' dir='ltr'>Possunt</span> <span class='ocrx_word' id='word_1_12' title='bbox 377 518 472 572; x_wconf 90' lang='lat' dir='ltr'>mortui</span> <span class='ocrx_word' id='word_1_13' title='bbox 482 518 561 572; x_wconf 90' lang='lat' dir='ltr'>eliam</span> <span class='ocrx_word' id='word_1_14' title='bbox 575 526 682 587; x_wconf 91' lang='lat' dir='ltr'>propter</span> <span class='ocrx_word' id='word_1_15' title='bbox 693 516 743 572; x_wconf 88' lang='lat' dir='ltr'>ltoc</span> <span class='ocrx_word' id='word_1_16' title='bbox 753 518 814 581; x_wconf 89' lang='lat' dir='ltr'>dici,</span> <span class='ocrx_word' id='word_1_17' title='bbox 826 517 897 585; x_wconf 89' lang='lat' dir='ltr'>quud</span> 
     </span>
     <span class='ocr_line' id='line_1_4' title="bbox 112 605 892 680; baseline -0.006 -15"><span class='ocrx_word' id='word_1_18' title='bbox 112 611 234 665; x_wconf 87' lang='lat' dir='ltr'>mortalia</span> <span class='ocrx_word' id='word_1_19' title='bbox 248 619 343 680; x_wconf 78' lang='lat' dir='ltr'>gerunt</span> <span class='ocrx_word' id='word_1_20' title='bbox 367 623 479 679; x_wconf 88' lang='lat' dir='ltr'>corpora</span> <span class='ocrx_word' id='word_1_21' title='bbox 499 625 506 661; x_wconf 73' lang='grc' dir='ltr'>ε</span> <span class='ocrx_word' id='word_1_22' title='bbox 531 609 600 663; x_wconf 88' lang='lat' dir='ltr'>unde</span> <span class='ocrx_word' id='word_1_23' title='bbox 622 606 775 676; x_wconf 79' lang='lat' dir='ltr'>Apostolus,</span> <span class='ocrx_word' id='word_1_24' title='bbox 795 605 892 676; x_wconf 77' lang='lat' dir='ltr'>Corpus</span> 
     </span>
     <span class='ocr_line' id='line_1_5' title="bbox 110 699 897 772; baseline -0.003 -18"><span class='ocrx_word' id='word_1_25' title='bbox 110 701 221 772; x_wconf 82' lang='lat' dir='ltr'>quidem,</span> <span class='ocrx_word' id='word_1_26' title='bbox 233 701 327 769; x_wconf 85' lang='lat' dir='ltr'>inquil,</span> <span class='ocrx_word' id='word_1_27' title='bbox 342 710 468 753; x_wconf 80' lang='lat' dir='ltr'>mertuum</span> <span class='ocrx_word' id='word_1_28' title='bbox 487 708 523 753; x_wconf 79' lang='lat' dir='ltr'>ret</span> <span class='ocrx_word' id='word_1_29' title='bbox 538 708 641 769; x_wconf 82' lang='lat' dir='ltr'>prepter</span> <span class='ocrx_word' id='word_1_30' title='bbox 654 708 802 766; x_wconf 62' lang='lat' dir='ltr'>peecatum·</span> <span class='ocrx_word' id='word_1_31' title='bbox 820 699 897 768; x_wconf 79' lang='lat' dir='ltr'>spiri·</span> 
     </span>
     <span class='ocr_line' id='line_1_6' title="bbox 111 787 895 859; baseline -0.003 -15"><span class='ocrx_word' id='word_1_32' title='bbox 111 801 150 844; x_wconf 72' lang='lat' dir='ltr'>tns</span> <span class='ocrx_word' id='word_1_33' title='bbox 169 799 251 844; x_wconf 83' lang='lat' dir='ltr'>antem</span> <span class='ocrx_word' id='word_1_34' title='bbox 265 790 316 843; x_wconf 84' lang='lat' dir='ltr'>ritu</span> <span class='ocrx_word' id='word_1_35' title='bbox 338 799 374 842; x_wconf 81' lang='lat' dir='ltr'>cst</span> <span class='ocrx_word' id='word_1_36' title='bbox 389 798 491 859; x_wconf 82' lang='lat' dir='ltr'>propter</span> <span class='ocrx_word' id='word_1_37' title='bbox 507 789 635 858; x_wconf 81' lang='lat' dir='ltr'>jmtilium</span> <span class='ocrx_word' id='word_1_38' title='bbox 653 787 740 858; x_wconf 76' lang='lat' dir='ltr'>(dont.</span> <span class='ocrx_word' id='word_1_39' title='bbox 760 787 895 859; x_wconf 70' lang='lat' dir='ltr'>vuinidi:</span> 
     </span>
     <span class='ocr_line' id='line_1_7' title="bbox 111 880 896 951; baseline 0.003 -17"><span class='ocrx_word' id='word_1_40' title='bbox 111 896 251 951; x_wconf 87' lang='lat' dir='ltr'>utrumque</span> <span class='ocrx_word' id='word_1_41' title='bbox 265 881 291 934; x_wconf 91' lang='lat' dir='ltr'>in</span> <span class='ocrx_word' id='word_1_42' title='bbox 304 880 411 936; x_wconf 87' lang='lat' dir='ltr'>homine</span> <span class='ocrx_word' id='word_1_43' title='bbox 434 880 548 946; x_wconf 85' lang='lat' dir='ltr'>vivente,</span> <span class='ocrx_word' id='word_1_44' title='bbox 570 889 648 951; x_wconf 91' lang='lat' dir='ltr'>atque</span> <span class='ocrx_word' id='word_1_45' title='bbox 671 880 696 935; x_wconf 92' lang='lat' dir='ltr'>in</span> <span class='ocrx_word' id='word_1_46' title='bbox 717 880 767 936; x_wconf 89' lang='lat' dir='ltr'>boc</span> <span class='ocrx_word' id='word_1_47' title='bbox 784 896 896 951; x_wconf 90' lang='lat' dir='ltr'>corpore</span> 
     </span>
     <span class='ocr_line' id='line_1_8' title="bbox 109 972 896 1041; baseline -0.004 -12"><span class='ocrx_word' id='word_1_48' title='bbox 109 974 252 1029; x_wconf 86' lang='lat' dir='ltr'>constituto</span> <span class='ocrx_word' id='word_1_49' title='bbox 273 988 334 1028; x_wconf 88' lang='lat' dir='ltr'>esse</span> <span class='ocrx_word' id='word_1_50' title='bbox 348 972 542 1037; x_wconf 85' lang='lat' dir='ltr'>demonstraus,</span> <span class='ocrx_word' id='word_1_51' title='bbox 557 981 584 1026; x_wconf 91' lang='lat' dir='ltr'>et</span> <span class='ocrx_word' id='word_1_52' title='bbox 601 987 698 1041; x_wconf 87' lang='lat' dir='ltr'>corpus</span> <span class='ocrx_word' id='word_1_53' title='bbox 712 984 854 1036; x_wconf 90' lang='lat' dir='ltr'>mortuum,</span> <span class='ocrx_word' id='word_1_54' title='bbox 869 983 896 1027; x_wconf 94' lang='lat' dir='ltr'>et</span> 
     </span>
     <span class='ocr_line' id='line_1_9' title="bbox 109 1060 895 1132; baseline -0.003 -15"><span class='ocrx_word' id='word_1_55' title='bbox 109 1064 230 1132; x_wconf 90' lang='lat' dir='ltr'>spiritum</span> <span class='ocrx_word' id='word_1_56' title='bbox 246 1062 337 1115; x_wconf 87' lang='lat' dir='ltr'>vitam.</span> <span class='ocrx_word' id='word_1_57' title='bbox 353 1061 407 1116; x_wconf 86' lang='lat' dir='ltr'>Nec</span> <span class='ocrx_word' id='word_1_58' title='bbox 423 1069 510 1115; x_wconf 87' lang='lat' dir='ltr'>lamen</span> <span class='ocrx_word' id='word_1_59' title='bbox 524 1060 591 1115; x_wconf 91' lang='lat' dir='ltr'>dixit</span> <span class='ocrx_word' id='word_1_60' title='bbox 603 1075 699 1130; x_wconf 90' lang='lat' dir='ltr'>eorpus</span> <span class='ocrx_word' id='word_1_61' title='bbox 713 1062 833 1127; x_wconf 90' lang='lat' dir='ltr'>mortale,</span> <span class='ocrx_word' id='word_1_62' title='bbox 849 1061 895 1116; x_wconf 92' lang='lat' dir='ltr'>sed</span> 
     </span>
     <span class='ocr_line' id='line_1_10' title="bbox 108 1152 895 1222; baseline -0.003 -14"><span class='ocrx_word' id='word_1_63' title='bbox 108 1163 242 1208; x_wconf 88' lang='lat' dir='ltr'>mortuum</span> <span class='ocrx_word' id='word_1_64' title='bbox 255 1171 262 1207; x_wconf 81' lang='lat' dir='ltr'>t</span> <span class='ocrx_word' id='word_1_65' title='bbox 276 1153 397 1222; x_wconf 85' lang='lat' dir='ltr'>quamvis</span> <span class='ocrx_word' id='word_1_66' title='bbox 410 1152 502 1206; x_wconf 85' lang='lat' dir='ltr'>eadem</span> <span class='ocrx_word' id='word_1_67' title='bbox 513 1153 592 1221; x_wconf 87' lang='lat' dir='ltr'>paulo</span> <span class='ocrx_word' id='word_1_68' title='bbox 607 1163 666 1222; x_wconf 89' lang='lat' dir='ltr'>post</span> <span class='ocrx_word' id='word_1_69' title='bbox 678 1153 757 1207; x_wconf 91' lang='lat' dir='ltr'>ctiam</span> <span class='ocrx_word' id='word_1_70' title='bbox 776 1153 895 1208; x_wconf 84' lang='lat' dir='ltr'>mortalia</span> 
     </span>
     <span class='ocr_line' id='line_1_11' title="bbox 108 1242 892 1317; baseline 0.004 -22"><span class='ocrx_word' id='word_1_71' title='bbox 108 1259 219 1312; x_wconf 84' lang='lat' dir='ltr'>corpora</span> <span class='ocrx_word' id='word_1_72' title='bbox 235 1243 314 1313; x_wconf 83' lang='lat' dir='ltr'>(ibid.</span> <span class='ocrx_word' id='word_1_73' title='bbox 332 1242 387 1317; x_wconf 89' lang='lat' dir='ltr'>ll),</span> <span class='ocrx_word' id='word_1_74' title='bbox 403 1244 472 1298; x_wconf 86' lang='lat' dir='ltr'>sieut</span> <span class='ocrx_word' id='word_1_75' title='bbox 485 1245 604 1299; x_wconf 79' lang='lat' dir='ltr'>usitatius</span> <span class='ocrx_word' id='word_1_76' title='bbox 615 1253 752 1309; x_wconf 89' lang='lat' dir='ltr'>vocantur,</span> <span class='ocrx_word' id='word_1_77' title='bbox 766 1244 892 1313; x_wconf 88' lang='lat' dir='ltr'>appellet.</span> 
     </span>
     <span class='ocr_line' id='line_1_12' title="bbox 109 1334 894 1407; baseline -0.001 -17"><span class='ocrx_word' id='word_1_78' title='bbox 109 1335 163 1390; x_wconf 82' lang='lat' dir='ltr'>ilos</span> <span class='ocrx_word' id='word_1_79' title='bbox 175 1350 238 1404; x_wconf 85' lang='lat' dir='ltr'>crgo</span> <span class='ocrx_word' id='word_1_80' title='bbox 254 1344 372 1388; x_wconf 78' lang='lat' dir='ltr'>mortuos</span> <span class='ocrx_word' id='word_1_81' title='bbox 385 1334 506 1391; x_wconf 80' lang='lat' dir='ltr'>exhibuit</span> <span class='ocrx_word' id='word_1_82' title='bbox 520 1351 603 1402; x_wconf 85' lang='lat' dir='ltr'>marc,</span> <span class='ocrx_word' id='word_1_83' title='bbox 617 1336 699 1407; x_wconf 91' lang='lat' dir='ltr'>quiin</span> <span class='ocrx_word' id='word_1_84' title='bbox 714 1351 747 1391; x_wconf 89' lang='lat' dir='ltr'>eo</span> <span class='ocrx_word' id='word_1_85' title='bbox 767 1345 853 1403; x_wconf 86' lang='lat' dir='ltr'>eraut,</span> <span class='ocrx_word' id='word_1_86' title='bbox 868 1335 894 1390; x_wconf 84' lang='lat' dir='ltr'>iu</span> 
     </span>
     <span class='ocr_line' id='line_1_13' title="bbox 109 1425 894 1497; baseline 0.001 -17"><span class='ocrx_word' id='word_1_87' title='bbox 109 1437 160 1493; x_wconf 84' lang='lat' dir='ltr'>cst,</span> <span class='ocrx_word' id='word_1_88' title='bbox 184 1426 303 1482; x_wconf 76' lang='lat' dir='ltr'>exhibuit</span> <span class='ocrx_word' id='word_1_89' title='bbox 327 1425 448 1481; x_wconf 86' lang='lat' dir='ltr'>homines</span> <span class='ocrx_word' id='word_1_90' title='bbox 464 1427 513 1480; x_wconf 88' lang='lat' dir='ltr'>boc</span> <span class='ocrx_word' id='word_1_91' title='bbox 534 1426 671 1492; x_wconf 81' lang='lat' dir='ltr'>seenium,</span> <span class='ocrx_word' id='word_1_92' title='bbox 694 1429 854 1497; x_wconf 79' lang='lat' dir='ltr'>quicumque</span> <span class='ocrx_word' id='word_1_93' title='bbox 869 1429 894 1481; x_wconf 90' lang='lat' dir='ltr'>in</span> 
     </span>
     <span class='ocr_line' id='line_1_14' title="bbox 109 1515 893 1589; baseline 0.001 -20"><span class='ocrx_word' id='word_1_94' title='bbox 109 1531 142 1569; x_wconf 92' lang='lat' dir='ltr'>eo</span> <span class='ocrx_word' id='word_1_95' title='bbox 154 1525 239 1582; x_wconf 83' lang='lat' dir='ltr'>crant,</span> <span class='ocrx_word' id='word_1_96' title='bbox 251 1517 311 1586; x_wconf 90' lang='lat' dir='ltr'>qnia</span> <span class='ocrx_word' id='word_1_97' title='bbox 325 1517 441 1570; x_wconf 86' lang='lat' dir='ltr'>trundum</span> <span class='ocrx_word' id='word_1_98' title='bbox 456 1516 585 1570; x_wconf 88' lang='lat' dir='ltr'>obierant.</span> <span class='ocrx_word' id='word_1_99' title='bbox 602 1515 637 1569; x_wconf 82' lang='lat' dir='ltr'>Et</span> <span class='ocrx_word' id='word_1_100' title='bbox 654 1533 721 1570; x_wconf 82' lang='lat' dir='ltr'>arura</span> <span class='ocrx_word' id='word_1_101' title='bbox 735 1526 759 1570; x_wconf 89' lang='lat' dir='ltr'>et</span> <span class='ocrx_word' id='word_1_102' title='bbox 770 1517 893 1589; x_wconf 68' lang='lat' dir='ltr'>infernus,</span> 
     </span>
     <span class='ocr_line' id='line_1_15' title="bbox 108 1606 895 1678; baseline 0.003 -17"><span class='ocrx_word' id='word_1_103' title='bbox 108 1609 203 1678; x_wconf 90' lang='lat' dir='ltr'>inquit,</span> <span class='ocrx_word' id='word_1_104' title='bbox 219 1606 381 1662; x_wconf 84' lang='lat' dir='ltr'>reddiderunt</span> <span class='ocrx_word' id='word_1_105' title='bbox 395 1618 585 1677; x_wconf 69' lang='lat' dir='ltr'>marmonstier</span> <span class='ocrx_word' id='word_1_106' title='bbox 600 1606 626 1661; x_wconf 90' lang='lat' dir='ltr'>in</span> <span class='ocrx_word' id='word_1_107' title='bbox 638 1623 664 1662; x_wconf 78' lang='lat' dir='ltr'>ae</span> <span class='ocrx_word' id='word_1_108' title='bbox 676 1606 808 1662; x_wconf 76' lang='lat' dir='ltr'>debebunt.</span> <span class='ocrx_word' id='word_1_109' title='bbox 824 1607 895 1663; x_wconf 83' lang='lat' dir='ltr'>blare</span> 
     </span>
     <span class='ocr_line' id='line_1_16' title="bbox 106 1697 895 1769; baseline 0 -15"><span class='ocrx_word' id='word_1_110' title='bbox 106 1698 236 1766; x_wconf 75' lang='lat' dir='ltr'>cxlilmit,</span> <span class='ocrx_word' id='word_1_111' title='bbox 258 1699 319 1769; x_wconf 90' lang='lat' dir='ltr'>quia</span> <span class='ocrx_word' id='word_1_112' title='bbox 333 1699 401 1754; x_wconf 91' lang='lat' dir='ltr'>sicul</span> <span class='ocrx_word' id='word_1_113' title='bbox 416 1699 515 1753; x_wconf 84' lang='lat' dir='ltr'>inventi</span> <span class='ocrx_word' id='word_1_114' title='bbox 539 1709 611 1765; x_wconf 92' lang='lat' dir='ltr'>sunt,</span> <span class='ocrx_word' id='word_1_115' title='bbox 633 1697 798 1754; x_wconf 81' lang='lat' dir='ltr'>adsuerunt:</span> <span class='ocrx_word' id='word_1_116' title='bbox 822 1713 895 1755; x_wconf 86' lang='lat' dir='ltr'>mors</span> 
     </span>
     <span class='ocr_line' id='line_1_17' title="bbox 108 1789 894 1861; baseline 0.004 -17"><span class='ocrx_word' id='word_1_117' title='bbox 108 1807 171 1847; x_wconf 90' lang='lat' dir='ltr'>vcro</span> <span class='ocrx_word' id='word_1_118' title='bbox 185 1801 212 1847; x_wconf 92' lang='lat' dir='ltr'>el</span> <span class='ocrx_word' id='word_1_119' title='bbox 234 1790 351 1846; x_wconf 79' lang='lat' dir='ltr'>infernus</span> <span class='ocrx_word' id='word_1_120' title='bbox 376 1790 557 1856; x_wconf 90' lang='lat' dir='ltr'>reddiderunt,</span> <span class='ocrx_word' id='word_1_121' title='bbox 573 1790 697 1861; x_wconf 85' lang='lat' dir='ltr'>quoniam</span> <span class='ocrx_word' id='word_1_122' title='bbox 711 1791 781 1854; x_wconf 78' lang='lat' dir='ltr'>vitae,</span> <span class='ocrx_word' id='word_1_123' title='bbox 796 1789 830 1846; x_wconf 91' lang='lat' dir='ltr'>de</span> <span class='ocrx_word' id='word_1_124' title='bbox 842 1805 894 1861; x_wconf 85' lang='lat' dir='ltr'>qtttt</span> 
     </span>
     <span class='ocr_line' id='line_1_18' title="bbox 107 1879 894 1952; baseline 0.003 -19"><span class='ocrx_word' id='word_1_125' title='bbox 107 1883 160 1952; x_wconf 81' lang='lat' dir='ltr'>jum</span> <span class='ocrx_word' id='word_1_126' title='bbox 184 1882 314 1947; x_wconf 77' lang='lat' dir='ltr'>exieram,</span> <span class='ocrx_word' id='word_1_127' title='bbox 339 1888 505 1936; x_wconf 88' lang='lat' dir='ltr'>revocarunt.</span> <span class='ocrx_word' id='word_1_128' title='bbox 521 1879 575 1935; x_wconf 88' lang='lat' dir='ltr'>Nec</span> <span class='ocrx_word' id='word_1_129' title='bbox 597 1880 694 1935; x_wconf 79' lang='lat' dir='ltr'>frustra</span> <span class='ocrx_word' id='word_1_130' title='bbox 719 1881 894 1935; x_wconf 81' lang='lat' dir='ltr'>fortassenon</span> 
     </span>
     <span class='ocr_line' id='line_1_19' title="bbox 107 1970 895 2042; baseline 0.004 -17"><span class='ocrx_word' id='word_1_131' title='bbox 107 1973 172 2027; x_wconf 87' lang='lat' dir='ltr'>satis</span> <span class='ocrx_word' id='word_1_132' title='bbox 185 1970 233 2027; x_wconf 83' lang='lat' dir='ltr'>suit</span> <span class='ocrx_word' id='word_1_133' title='bbox 246 1981 273 2026; x_wconf 92' lang='lat' dir='ltr'>nt</span> <span class='ocrx_word' id='word_1_134' title='bbox 287 1971 387 2026; x_wconf 88' lang='lat' dir='ltr'>diceret</span> <span class='ocrx_word' id='word_1_135' title='bbox 397 1988 474 2037; x_wconf 83' lang='lat' dir='ltr'>more,</span> <span class='ocrx_word' id='word_1_136' title='bbox 489 1980 534 2025; x_wconf 80' lang='lat' dir='ltr'>arat</span> <span class='ocrx_word' id='word_1_137' title='bbox 548 1971 662 2042; x_wconf 74' lang='lat' dir='ltr'>inferum</span> <span class='ocrx_word' id='word_1_138' title='bbox 672 1987 681 2036; x_wconf 90' lang='lat'>,·</span> <span class='ocrx_word' id='word_1_139' title='bbox 693 1970 739 2026; x_wconf 89' lang='lat' dir='ltr'>scd</span> <span class='ocrx_word' id='word_1_140' title='bbox 754 1981 895 2042; x_wconf 88' lang='lat' dir='ltr'>utrumque</span> 
     </span>
     <span class='ocr_line' id='line_1_20' title="bbox 106 2060 895 2133; baseline 0.001 -15"><span class='ocrx_word' id='word_1_141' title='bbox 106 2063 276 2118; x_wconf 79' lang='lat' dir='ltr'>dictumest:</span> <span class='ocrx_word' id='word_1_142' title='bbox 293 2078 375 2125; x_wconf 91' lang='lat' dir='ltr'>mors,</span> <span class='ocrx_word' id='word_1_143' title='bbox 398 2071 506 2133; x_wconf 89' lang='lat' dir='ltr'>propter</span> <span class='ocrx_word' id='word_1_144' title='bbox 527 2060 629 2127; x_wconf 92' lang='lat' dir='ltr'>bonos,</span> <span class='ocrx_word' id='word_1_145' title='bbox 652 2063 696 2131; x_wconf 92' lang='lat' dir='ltr'>qni</span> <span class='ocrx_word' id='word_1_146' title='bbox 713 2063 895 2119; x_wconf 85' lang='lat' dir='ltr'>tantummodo</span> 
     </span>
     <span class='ocr_line' id='line_1_21' title="bbox 106 2151 894 2223; baseline 0.001 -16"><span class='ocrx_word' id='word_1_147' title='bbox 106 2162 219 2208; x_wconf 86' lang='lat' dir='ltr'>mortem</span> <span class='ocrx_word' id='word_1_148' title='bbox 234 2153 335 2223; x_wconf 89' lang='lat' dir='ltr'>perpeti</span> <span class='ocrx_word' id='word_1_149' title='bbox 351 2161 502 2222; x_wconf 91' lang='lat' dir='ltr'>potuerunt,</span> <span class='ocrx_word' id='word_1_150' title='bbox 516 2168 567 2207; x_wconf 82' lang='lat' dir='ltr'>nori</span> <span class='ocrx_word' id='word_1_151' title='bbox 578 2161 605 2207; x_wconf 89' lang='lat' dir='ltr'>et</span> <span class='ocrx_word' id='word_1_152' title='bbox 615 2153 763 2217; x_wconf 78' lang='lat' dir='ltr'>infernum;</span> <span class='ocrx_word' id='word_1_153' title='bbox 776 2151 894 2209; x_wconf 83' lang='lat' dir='ltr'>iniemus</span> 
     </span>
     <span class='ocr_line' id='line_1_22' title="bbox 106 2243 893 2315; baseline 0.004 -16"><span class='ocrx_word' id='word_1_154' title='bbox 106 2255 194 2300; x_wconf 88' lang='lat' dir='ltr'>autem</span> <span class='ocrx_word' id='word_1_155' title='bbox 215 2253 322 2315; x_wconf 88' lang='lat' dir='ltr'>propter</span> <span class='ocrx_word' id='word_1_156' title='bbox 336 2245 431 2311; x_wconf 87' lang='lat' dir='ltr'>malos,</span> <span class='ocrx_word' id='word_1_157' title='bbox 445 2244 489 2315; x_wconf 91' lang='lat' dir='ltr'>qui</span> <span class='ocrx_word' id='word_1_158' title='bbox 504 2244 583 2299; x_wconf 90' lang='lat' dir='ltr'>ctiam</span> <span class='ocrx_word' id='word_1_159' title='bbox 605 2258 698 2314; x_wconf 74' lang='lat' dir='ltr'>punitas</span> <span class='ocrx_word' id='word_1_160' title='bbox 710 2243 779 2314; x_wconf 89' lang='lat' dir='ltr'>apud</span> <span class='ocrx_word' id='word_1_161' title='bbox 794 2243 893 2302; x_wconf 80' lang='lat' dir='ltr'>inferos</span> 
     </span>
     <span class='ocr_line' id='line_1_23' title="bbox 105 2335 892 2407; baseline 0 -17"><span class='ocrx_word' id='word_1_162' title='bbox 105 2336 233 2407; x_wconf 87' lang='lat' dir='ltr'>pendunt.</span> <span class='ocrx_word' id='word_1_163' title='bbox 248 2335 274 2392; x_wconf 88' lang='lat' dir='ltr'>Si</span> <span class='ocrx_word' id='word_1_164' title='bbox 290 2336 360 2390; x_wconf 89' lang='lat' dir='ltr'>enim</span> <span class='ocrx_word' id='word_1_165' title='bbox 372 2351 424 2390; x_wconf 94' lang='lat' dir='ltr'>non</span> <span class='ocrx_word' id='word_1_166' title='bbox 437 2335 550 2391; x_wconf 88' lang='lat' dir='ltr'>absurde</span> <span class='ocrx_word' id='word_1_167' title='bbox 560 2335 632 2390; x_wconf 91' lang='lat' dir='ltr'>credi</span> <span class='ocrx_word' id='word_1_168' title='bbox 643 2335 756 2402; x_wconf 87' lang='lat' dir='ltr'>videtur,</span> <span class='ocrx_word' id='word_1_169' title='bbox 768 2337 892 2406; x_wconf 88' lang='lat' dir='ltr'>antiquos</span> 
     </span>
     <span class='ocr_line' id='line_1_24' title="bbox 105 2429 892 2499; baseline 0.003 -15"><span class='ocrx_word' id='word_1_170' title='bbox 105 2431 184 2485; x_wconf 86' lang='lat' dir='ltr'>ctiam</span> <span class='ocrx_word' id='word_1_171' title='bbox 206 2439 324 2496; x_wconf 86' lang='lat' dir='ltr'>sarretos,</span> <span class='ocrx_word' id='word_1_172' title='bbox 339 2430 382 2499; x_wconf 93' lang='lat' dir='ltr'>qui</span> <span class='ocrx_word' id='word_1_173' title='bbox 398 2430 500 2484; x_wconf 88' lang='lat' dir='ltr'>venturi</span> <span class='ocrx_word' id='word_1_174' title='bbox 523 2429 622 2485; x_wconf 86' lang='lat' dir='ltr'>Christi</span> <span class='ocrx_word' id='word_1_175' title='bbox 642 2437 783 2484; x_wconf 86' lang='lat' dir='ltr'>tenuerunt</span> <span class='ocrx_word' id='word_1_176' title='bbox 803 2429 892 2494; x_wconf 79' lang='lat' dir='ltr'>fidem,</span> 
     </span>
     <span class='ocr_line' id='line_1_25' title="bbox 105 2519 892 2592; baseline 0.003 -16"><span class='ocrx_word' id='word_1_177' title='bbox 105 2522 171 2577; x_wconf 87' lang='lat' dir='ltr'>lucis</span> <span class='ocrx_word' id='word_1_178' title='bbox 183 2519 289 2592; x_wconf 89' lang='lat' dir='ltr'>quidem</span> <span class='ocrx_word' id='word_1_179' title='bbox 301 2536 316 2575; x_wconf 92' lang='lat' dir='ltr'>a</span> <span class='ocrx_word' id='word_1_180' title='bbox 332 2520 471 2575; x_wconf 83' lang='lat' dir='ltr'>tormentis</span> <span class='ocrx_word' id='word_1_181' title='bbox 484 2520 624 2590; x_wconf 91' lang='lat' dir='ltr'>impiorum</span> <span class='ocrx_word' id='word_1_182' title='bbox 636 2520 830 2586; x_wconf 75' lang='lat' dir='ltr'>remotissimis,</span> <span class='ocrx_word' id='word_1_183' title='bbox 844 2521 892 2578; x_wconf 85' lang='lat' dir='ltr'>scd</span> 
     </span>
     <span class='ocr_line' id='line_1_26' title="bbox 105 2609 893 2680; baseline 0.005 -16"><span class='ocrx_word' id='word_1_184' title='bbox 105 2610 173 2680; x_wconf 92' lang='lat' dir='ltr'>apud</span> <span class='ocrx_word' id='word_1_185' title='bbox 196 2611 295 2666; x_wconf 86' lang='lat' dir='ltr'>inieras</span> <span class='ocrx_word' id='word_1_186' title='bbox 316 2609 408 2678; x_wconf 85' lang='lat' dir='ltr'>inisse,</span> <span class='ocrx_word' id='word_1_187' title='bbox 424 2610 509 2665; x_wconf 87' lang='lat' dir='ltr'>donec</span> <span class='ocrx_word' id='word_1_188' title='bbox 522 2624 569 2664; x_wconf 92' lang='lat' dir='ltr'>cos</span> <span class='ocrx_word' id='word_1_189' title='bbox 591 2610 653 2666; x_wconf 89' lang='lat' dir='ltr'>iude</span> <span class='ocrx_word' id='word_1_190' title='bbox 673 2611 780 2680; x_wconf 81' lang='lat' dir='ltr'>sanguis</span> <span class='ocrx_word' id='word_1_191' title='bbox 793 2611 893 2668; x_wconf 76' lang='lat' dir='ltr'>Christi</span> 
     </span>
     <span class='ocr_line' id='line_1_27' title="bbox 104 2701 893 2775; baseline 0.003 -18"><span class='ocrx_word' id='word_1_192' title='bbox 104 2712 133 2757; x_wconf 89' lang='lat' dir='ltr'>ct</span> <span class='ocrx_word' id='word_1_193' title='bbox 154 2703 186 2757; x_wconf 91' lang='lat' dir='ltr'>ad</span> <span class='ocrx_word' id='word_1_194' title='bbox 208 2717 239 2758; x_wconf 91' lang='lat' dir='ltr'>ea</span> <span class='ocrx_word' id='word_1_195' title='bbox 255 2702 311 2758; x_wconf 83' lang='lat' dir='ltr'>loca</span> <span class='ocrx_word' id='word_1_196' title='bbox 333 2701 478 2757; x_wconf 83' lang='lat' dir='ltr'>descensus</span> <span class='ocrx_word' id='word_1_197' title='bbox 498 2709 613 2768; x_wconf 87' lang='lat' dir='ltr'>erueret,</span> <span class='ocrx_word' id='word_1_198' title='bbox 637 2703 756 2774; x_wconf 91' lang='lat' dir='ltr'>prolecto</span> <span class='ocrx_word' id='word_1_199' title='bbox 767 2703 893 2775; x_wconf 88' lang='lat' dir='ltr'>deinceps</span> 
     </span>
     <span class='ocr_line' id='line_1_28' title="bbox 90 2791 892 2863; baseline 0.006 -17"><span class='ocrx_word' id='word_1_200' title='bbox 90 2791 167 2847; x_wconf 86' lang='lat' dir='ltr'>&#39;boui</span> <span class='ocrx_word' id='word_1_201' title='bbox 181 2791 272 2847; x_wconf 87' lang='lat' dir='ltr'>itdeies</span> <span class='ocrx_word' id='word_1_202' title='bbox 286 2791 370 2847; x_wconf 79' lang='lat' dir='ltr'>effuso</span> <span class='ocrx_word' id='word_1_203' title='bbox 384 2791 429 2847; x_wconf 91' lang='lat' dir='ltr'>illo</span> <span class='ocrx_word' id='word_1_204' title='bbox 445 2791 529 2862; x_wconf 91' lang='lat' dir='ltr'>pretio</span> <span class='ocrx_word' id='word_1_205' title='bbox 548 2792 602 2863; x_wconf 83' lang='lat' dir='ltr'>jam</span> <span class='ocrx_word' id='word_1_206' title='bbox 618 2792 759 2862; x_wconf 91' lang='lat' dir='ltr'>redempti,</span> <span class='ocrx_word' id='word_1_207' title='bbox 782 2808 892 2863; x_wconf 88' lang='lat' dir='ltr'>prorsus</span> 
     </span>
     <span class='ocr_line' id='line_1_29' title="bbox 105 2882 890 2954; baseline 0.006 -17"><span class='ocrx_word' id='word_1_208' title='bbox 105 2883 205 2939; x_wconf 87' lang='lat' dir='ltr'>inieros</span> <span class='ocrx_word' id='word_1_209' title='bbox 227 2884 358 2950; x_wconf 84' lang='lat' dir='ltr'>nesciunt,</span> <span class='ocrx_word' id='word_1_210' title='bbox 382 2882 467 2938; x_wconf 89' lang='lat' dir='ltr'>donec</span> <span class='ocrx_word' id='word_1_211' title='bbox 486 2883 566 2938; x_wconf 90' lang='lat' dir='ltr'>etiarn</span> <span class='ocrx_word' id='word_1_212' title='bbox 590 2884 704 2954; x_wconf 76' lang='lat' dir='ltr'>receptis</span> <span class='ocrx_word' id='word_1_213' title='bbox 725 2885 890 2954; x_wconf 78' lang='lat' dir='ltr'>corporibus,</span> 
     </span>
     <span class='ocr_line' id='line_1_30' title="bbox 104 2975 890 3046; baseline 0.005 -16"><span class='ocrx_word' id='word_1_214' title='bbox 104 2975 173 3030; x_wconf 82' lang='lat' dir='ltr'>born</span> <span class='ocrx_word' id='word_1_215' title='bbox 194 2976 325 3045; x_wconf 88' lang='lat' dir='ltr'>recipiant</span> <span class='ocrx_word' id='word_1_216' title='bbox 345 2991 404 3046; x_wconf 80' lang='lat' dir='ltr'>que</span> <span class='ocrx_word' id='word_1_217' title='bbox 428 2986 574 3031; x_wconf 86' lang='lat' dir='ltr'>merentur.</span> <span class='ocrx_word' id='word_1_218' title='bbox 587 2975 654 3032; x_wconf 86' lang='lat' dir='ltr'>Cum</span> <span class='ocrx_word' id='word_1_219' title='bbox 668 2985 756 3031; x_wconf 88' lang='lat' dir='ltr'>autem</span> <span class='ocrx_word' id='word_1_220' title='bbox 770 2975 890 3045; x_wconf 88' lang='lat' dir='ltr'>dixisset,</span> 
     </span>
     <span class='ocr_line' id='line_1_31' title="bbox 104 3066 893 3139; baseline 0.001 -16"><span class='ocrx_word' id='word_1_221' title='bbox 104 3066 138 3123; x_wconf 77' lang='lat' dir='ltr'>Et</span> <span class='ocrx_word' id='word_1_222' title='bbox 146 3068 255 3139; x_wconf 80' lang='lat' dir='ltr'>judicati</span> <span class='ocrx_word' id='word_1_223' title='bbox 273 3079 330 3123; x_wconf 81' lang='lat' dir='ltr'>sent</span> <span class='ocrx_word' id='word_1_224' title='bbox 343 3069 436 3139; x_wconf 81' lang='lat' dir='ltr'>sinquli</span> <span class='ocrx_word' id='word_1_225' title='bbox 448 3067 585 3122; x_wconf 78' lang='lat' dir='ltr'>secuudum</span> <span class='ocrx_word' id='word_1_226' title='bbox 603 3072 671 3138; x_wconf 72' lang='lat' dir='ltr'>suctu</span> <span class='ocrx_word' id='word_1_227' title='bbox 691 3084 754 3135; x_wconf 83' lang='lat' dir='ltr'>anc;</span> <span class='ocrx_word' id='word_1_228' title='bbox 778 3069 893 3125; x_wconf 88' lang='lat' dir='ltr'>breviter</span> 
     </span>
     <span class='ocr_line' id='line_1_32' title="bbox 103 3160 893 3232; baseline 0.004 -18"><span class='ocrx_word' id='word_1_229' title='bbox 103 3160 227 3229; x_wconf 81' lang='lat' dir='ltr'>subiecit,</span> <span class='ocrx_word' id='word_1_230' title='bbox 243 3161 465 3232; x_wconf 81' lang='lat' dir='ltr'>quemadmodum</span> <span class='ocrx_word' id='word_1_231' title='bbox 481 3160 577 3217; x_wconf 85' lang='lat' dir='ltr'>luerint</span> <span class='ocrx_word' id='word_1_232' title='bbox 594 3160 723 3231; x_wconf 86' lang='lat' dir='ltr'>judicati:</span> <span class='ocrx_word' id='word_1_233' title='bbox 742 3160 776 3215; x_wconf 82' lang='lat' dir='ltr'>Et</span> <span class='ocrx_word' id='word_1_234' title='bbox 792 3173 893 3217; x_wconf 76' lang='lat' dir='ltr'>merset</span> 
     </span>
     <span class='ocr_line' id='line_1_33' title="bbox 103 3251 891 3323; baseline 0.005 -18"><span class='ocrx_word' id='word_1_235' title='bbox 103 3252 227 3322; x_wconf 68' lang='lat' dir='ltr'>infernus,</span> <span class='ocrx_word' id='word_1_236' title='bbox 244 3251 337 3322; x_wconf 89' lang='lat' dir='ltr'>inquit,</span> <span class='ocrx_word' id='word_1_237' title='bbox 353 3253 423 3306; x_wconf 81' lang='lat' dir='ltr'>misti</span> <span class='ocrx_word' id='word_1_238' title='bbox 435 3261 494 3306; x_wconf 79' lang='lat' dir='ltr'>tunt</span> <span class='ocrx_word' id='word_1_239' title='bbox 504 3253 531 3306; x_wconf 84' lang='lat' dir='ltr'>r&#39;n</span> <span class='ocrx_word' id='word_1_240' title='bbox 550 3262 665 3322; x_wconf 83' lang='lat' dir='ltr'>stoqnnm</span> <span class='ocrx_word' id='word_1_241' title='bbox 687 3253 771 3323; x_wconf 79' lang='lat' dir='ltr'>iqnix:</span> <span class='ocrx_word' id='word_1_242' title='bbox 786 3253 827 3308; x_wconf 83' lang='lat' dir='ltr'>lns</span> <span class='ocrx_word' id='word_1_243' title='bbox 841 3269 891 3309; x_wconf 88' lang='lat' dir='ltr'>no·</span> 
     </span>
     <span class='ocr_line' id='line_1_34' title="bbox 103 3343 892 3415; baseline 0.001 -16"><span class='ocrx_word' id='word_1_244' title='bbox 103 3343 221 3400; x_wconf 82' lang='lat' dir='ltr'>minibus</span> <span class='ocrx_word' id='word_1_245' title='bbox 244 3344 396 3415; x_wconf 74' lang='lat' dir='ltr'>significans</span> <span class='ocrx_word' id='word_1_246' title='bbox 417 3343 562 3409; x_wconf 90' lang='lat' dir='ltr'>diabolum,</span> <span class='ocrx_word' id='word_1_247' title='bbox 588 3344 712 3414; x_wconf 89' lang='lat' dir='ltr'>quoniam</span> <span class='ocrx_word' id='word_1_248' title='bbox 737 3343 831 3399; x_wconf 87' lang='lat' dir='ltr'>mortis</span> <span class='ocrx_word' id='word_1_249' title='bbox 851 3354 892 3400; x_wconf 88' lang='lat' dir='ltr'>cst</span> 
     </span>
     <span class='ocr_line' id='line_1_35' title="bbox 103 3433 890 3505; baseline 0.005 -17"><span class='ocrx_word' id='word_1_250' title='bbox 103 3443 196 3489; x_wconf 89' lang='lat' dir='ltr'>auctor</span> <span class='ocrx_word' id='word_1_251' title='bbox 208 3444 235 3490; x_wconf 89' lang='lat' dir='ltr'>et</span> <span class='ocrx_word' id='word_1_252' title='bbox 255 3433 417 3489; x_wconf 77' lang='lat' dir='ltr'>infernarum</span> <span class='ocrx_word' id='word_1_253' title='bbox 434 3449 581 3504; x_wconf 74' lang='lat' dir='ltr'>penarum,</span> <span class='ocrx_word' id='word_1_254' title='bbox 598 3435 800 3505; x_wconf 84' lang='lat' dir='ltr'>universamque</span> <span class='ocrx_word' id='word_1_255' title='bbox 813 3435 890 3492; x_wconf 87' lang='lat' dir='ltr'>sitnul</span> 
     </span>
     <span class='ocr_line' id='line_1_36' title="bbox 103 3525 890 3596; baseline 0.005 -17"><span class='ocrx_word' id='word_1_256' title='bbox 103 3525 254 3580; x_wconf 64' lang='lat' dir='ltr'>daemonum</span> <span class='ocrx_word' id='word_1_257' title='bbox 268 3526 432 3580; x_wconf 88' lang='lat' dir='ltr'>societatem.</span> <span class='ocrx_word' id='word_1_258' title='bbox 447 3525 501 3581; x_wconf 89' lang='lat' dir='ltr'>lluc</span> <span class='ocrx_word' id='word_1_259' title='bbox 513 3537 553 3580; x_wconf 88' lang='lat' dir='ltr'>cst</span> <span class='ocrx_word' id='word_1_260' title='bbox 565 3526 636 3581; x_wconf 92' lang='lat' dir='ltr'>euim</span> <span class='ocrx_word' id='word_1_261' title='bbox 655 3526 724 3596; x_wconf 90' lang='lat' dir='ltr'>qnod</span> <span class='ocrx_word' id='word_1_262' title='bbox 737 3542 817 3596; x_wconf 89' lang='lat' dir='ltr'>supra</span> <span class='ocrx_word' id='word_1_263' title='bbox 833 3529 890 3584; x_wconf 90' lang='lat' dir='ltr'>evi-</span> 
     </span>
     <span class='ocr_line' id='line_1_37' title="bbox 103 3615 890 3692; baseline 0.008 -22"><span class='ocrx_word' id='word_1_264' title='bbox 103 3615 209 3671; x_wconf 87' lang='lat' dir='ltr'>dentius</span> <span class='ocrx_word' id='word_1_265' title='bbox 223 3616 432 3687; x_wconf 68' lang='lat' dir='ltr'>preoccupatae</span> <span class='ocrx_word' id='word_1_266' title='bbox 442 3618 496 3686; x_wconf 84' lang='lat' dir='ltr'>jam</span> <span class='ocrx_word' id='word_1_267' title='bbox 508 3617 620 3683; x_wconf 88' lang='lat' dir='ltr'>dixerat,</span> <span class='ocrx_word' id='word_1_268' title='bbox 634 3629 658 3672; x_wconf 85' lang='lat' dir='ltr'>et</span> <span class='ocrx_word' id='word_1_269' title='bbox 670 3619 783 3675; x_wconf 76' lang='lat' dir='ltr'>diabolus</span> <span class='ocrx_word' id='word_1_270' title='bbox 792 3620 837 3692; x_wconf 84' lang='lat' dir='ltr'>qni</span> <span class='ocrx_word' id='word_1_271' title='bbox 849 3637 890 3676; x_wconf 86' lang='lat' dir='ltr'>xe·</span> 
     </span>
     <span class='ocr_line' id='line_1_38' title="bbox 103 3705 888 3778; baseline 0.01 -21"><span class='ocrx_word' id='word_1_272' title='bbox 103 3705 208 3761; x_wconf 82' lang='lat' dir='ltr'>ducebat</span> <span class='ocrx_word' id='word_1_273' title='bbox 222 3723 273 3773; x_wconf 84' lang='lat' dir='ltr'>ees,</span> <span class='ocrx_word' id='word_1_274' title='bbox 288 3708 379 3761; x_wconf 78' lang='lat' dir='ltr'>nutem</span> <span class='ocrx_word' id='word_1_275' title='bbox 392 3717 427 3761; x_wconf 89' lang='lat' dir='ltr'>ext</span> <span class='ocrx_word' id='word_1_276' title='bbox 445 3708 471 3761; x_wconf 89' lang='lat' dir='ltr'>in</span> <span class='ocrx_word' id='word_1_277' title='bbox 492 3716 608 3778; x_wconf 83' lang='lat' dir='ltr'>xtoqnum</span> <span class='ocrx_word' id='word_1_278' title='bbox 626 3708 692 3778; x_wconf 81' lang='lat' dir='ltr'>iqnis</span> <span class='ocrx_word' id='word_1_279' title='bbox 709 3717 733 3761; x_wconf 92' lang='lat' dir='ltr'>et</span> <span class='ocrx_word' id='word_1_280' title='bbox 749 3709 888 3778; x_wconf 85' lang='lat' dir='ltr'>xnipirnrir.</span> 
     </span>
     <span class='ocr_line' id='line_1_39' title="bbox 102 3796 891 3868; baseline 0.005 -16"><span class='ocrx_word' id='word_1_281' title='bbox 102 3796 180 3865; x_wconf 87' lang='lat' dir='ltr'>Quod</span> <span class='ocrx_word' id='word_1_282' title='bbox 194 3797 229 3853; x_wconf 90' lang='lat' dir='ltr'>lbi</span> <span class='ocrx_word' id='word_1_283' title='bbox 253 3813 316 3852; x_wconf 87' lang='lat' dir='ltr'>vero</span> <span class='ocrx_word' id='word_1_284' title='bbox 334 3799 474 3854; x_wconf 80' lang='lat' dir='ltr'>obscurius</span> <span class='ocrx_word' id='word_1_285' title='bbox 493 3799 658 3867; x_wconf 85' lang='lat' dir='ltr'>adjunxerat,</span> <span class='ocrx_word' id='word_1_286' title='bbox 675 3798 776 3865; x_wconf 89' lang='lat' dir='ltr'>dicens,</span> <span class='ocrx_word' id='word_1_287' title='bbox 797 3799 853 3868; x_wconf 85' lang='lat' dir='ltr'>Quo</span> <span class='ocrx_word' id='word_1_288' title='bbox 866 3810 891 3856; x_wconf 90' lang='lat' dir='ltr'>et</span> 
     </span>
     <span class='ocr_line' id='line_1_40' title="bbox 103 3877 898 3961; baseline 0.003 -18"><span class='ocrx_word' id='word_1_289' title='bbox 103 3891 191 3956; x_wconf 80' lang='lat' dir='ltr'>beatio,</span> <span class='ocrx_word' id='word_1_290' title='bbox 214 3899 237 3944; x_wconf 88' lang='lat' dir='ltr'>et</span> <span class='ocrx_word' id='word_1_291' title='bbox 258 3889 498 3961; x_wconf 76' lang='lat' dir='ltr'>pseudoprophete:</span> <span class='ocrx_word' id='word_1_292' title='bbox 522 3889 565 3943; x_wconf 90' lang='lat' dir='ltr'>bic</span> <span class='ocrx_word' id='word_1_293' title='bbox 587 3891 714 3959; x_wconf 76' lang='lat' dir='ltr'>apertius,</span> <span class='ocrx_word' id='word_1_294' title='bbox 730 3887 765 3943; x_wconf 86' lang='grc' dir='ltr'>Ει</span> <span class='ocrx_word' id='word_1_295' title='bbox 784 3891 827 3960; x_wconf 87' lang='lat' dir='ltr'>qui</span> <span class='ocrx_word' id='word_1_296' title='bbox 841 3877 898 3945; x_wconf 60' lang='lat' dir='ltr'>non‘</span> 
     </span>
     <span class='ocr_line' id='line_1_41' title="bbox 102 3978 891 4052; baseline 0.001 -19"><span class='ocrx_word' id='word_1_297' title='bbox 102 3989 171 4047; x_wconf 79' lang='lat' dir='ltr'>aunt,</span> <span class='ocrx_word' id='word_1_298' title='bbox 186 3980 282 4052; x_wconf 91' lang='lat' dir='ltr'>inquit,</span> <span class='ocrx_word' id='word_1_299' title='bbox 296 3980 388 4034; x_wconf 85' lang='lat' dir='ltr'>irroenti</span> <span class='ocrx_word' id='word_1_300' title='bbox 401 3980 428 4033; x_wconf 90' lang='lat' dir='ltr'>in</span> <span class='ocrx_word' id='word_1_301' title='bbox 440 3978 503 4033; x_wconf 81' lang='lat' dir='ltr'>libro</span> <span class='ocrx_word' id='word_1_302' title='bbox 517 3978 575 4032; x_wconf 81' lang='lat' dir='ltr'>vitre</span> <span class='ocrx_word' id='word_1_303' title='bbox 587 3979 684 4047; x_wconf 83' lang='lat' dir='ltr'>scripti,</span> <span class='ocrx_word' id='word_1_304' title='bbox 699 3978 770 4034; x_wconf 82' lang='lat' dir='ltr'>nriaxi</span> <span class='ocrx_word' id='word_1_305' title='bbox 787 3989 845 4033; x_wconf 82' lang='lat' dir='ltr'>rant</span> <span class='ocrx_word' id='word_1_306' title='bbox 863 3979 891 4034; x_wconf 89' lang='lat' dir='ltr'>in</span> 
     </span>
     <span class='ocr_line' id='line_1_42' title="bbox 102 4067 891 4144; baseline -0.003 -19"><span class='ocrx_word' id='word_1_307' title='bbox 102 4081 220 4144; x_wconf 81' lang='lat' dir='ltr'>rthnum</span> <span class='ocrx_word' id='word_1_308' title='bbox 232 4071 298 4144; x_wconf 83' lang='lat' dir='ltr'>iqnir</span> <span class='ocrx_word' id='word_1_309' title='bbox 308 4069 400 4143; x_wconf 79' lang='lat' dir='ltr'>(Aper.</span> <span class='ocrx_word' id='word_1_310' title='bbox 415 4086 458 4132; x_wconf 88' lang='lat' dir='ltr'>xx,</span> <span class='ocrx_word' id='word_1_311' title='bbox 474 4069 516 4135; x_wconf 73' lang='lat' dir='ltr'>ll,</span> <span class='ocrx_word' id='word_1_312' title='bbox 530 4069 584 4138; x_wconf 74' lang='lat' dir='ltr'>tl).</span> <span class='ocrx_word' id='word_1_313' title='bbox 597 4067 654 4123; x_wconf 88' lang='lat' dir='ltr'>Nou</span> <span class='ocrx_word' id='word_1_314' title='bbox 670 4069 752 4122; x_wconf 85' lang='lat' dir='ltr'>Deum</span> <span class='ocrx_word' id='word_1_315' title='bbox 763 4069 830 4124; x_wconf 92' lang='lat' dir='ltr'>liber</span> <span class='ocrx_word' id='word_1_316' title='bbox 841 4068 891 4124; x_wconf 85' lang='lat' dir='ltr'>istc</span> 
     </span>
     <span class='ocr_line' id='line_1_43' title="bbox 103 4158 889 4230; baseline -0.006 -12"><span class='ocrx_word' id='word_1_317' title='bbox 103 4171 304 4227; x_wconf 89' lang='lat' dir='ltr'>commemorat,</span> <span class='ocrx_word' id='word_1_318' title='bbox 321 4178 354 4217; x_wconf 90' lang='lat' dir='ltr'>ue</span> <span class='ocrx_word' id='word_1_319' title='bbox 369 4162 500 4216; x_wconf 88' lang='lat' dir='ltr'>oblivione</span> <span class='ocrx_word' id='word_1_320' title='bbox 514 4159 639 4214; x_wconf 75' lang='lat' dir='ltr'>fallatur:</span> <span class='ocrx_word' id='word_1_321' title='bbox 654 4158 701 4214; x_wconf 91' lang='lat' dir='ltr'>sed</span> <span class='ocrx_word' id='word_1_322' title='bbox 715 4159 889 4230; x_wconf 76' lang='lat' dir='ltr'>predestina-</span> 
     </span>
     <span class='ocr_line' id='line_1_44' title="bbox 104 4249 889 4324; baseline -0.005 -16"><span class='ocrx_word' id='word_1_323' title='bbox 104 4255 202 4309; x_wconf 89' lang='lat' dir='ltr'>tionem</span> <span class='ocrx_word' id='word_1_324' title='bbox 215 4253 344 4324; x_wconf 74' lang='lat' dir='ltr'>signifieat</span> <span class='ocrx_word' id='word_1_325' title='bbox 359 4267 461 4317; x_wconf 88' lang='lat' dir='ltr'>eorum,</span> <span class='ocrx_word' id='word_1_326' title='bbox 477 4251 572 4320; x_wconf 92' lang='lat' dir='ltr'>quibus</span> <span class='ocrx_word' id='word_1_327' title='bbox 588 4260 687 4304; x_wconf 71' lang='lat' dir='ltr'>aeterua</span> <span class='ocrx_word' id='word_1_328' title='bbox 708 4249 814 4304; x_wconf 88' lang='lat' dir='ltr'>dabitur</span> <span class='ocrx_word' id='word_1_329' title='bbox 825 4249 889 4304; x_wconf 89' lang='lat' dir='ltr'>vita.</span> 
     </span>
     <span class='ocr_line' id='line_1_45' title="bbox 102 4339 888 4417; baseline -0.009 -17"><span class='ocrx_word' id='word_1_330' title='bbox 102 4345 196 4417; x_wconf 89' lang='lat' dir='ltr'>Neque</span> <span class='ocrx_word' id='word_1_331' title='bbox 215 4344 285 4399; x_wconf 89' lang='lat' dir='ltr'>euim</span> <span class='ocrx_word' id='word_1_332' title='bbox 309 4343 393 4398; x_wconf 89' lang='lat' dir='ltr'>nescit</span> <span class='ocrx_word' id='word_1_333' title='bbox 412 4357 459 4396; x_wconf 90' lang='lat' dir='ltr'>eos</span> <span class='ocrx_word' id='word_1_334' title='bbox 472 4341 552 4408; x_wconf 87' lang='lat' dir='ltr'>Deus,</span> <span class='ocrx_word' id='word_1_335' title='bbox 568 4348 596 4395; x_wconf 93' lang='lat' dir='ltr'>et</span> <span class='ocrx_word' id='word_1_336' title='bbox 609 4342 636 4395; x_wconf 91' lang='lat' dir='ltr'>lu</span> <span class='ocrx_word' id='word_1_337' title='bbox 651 4339 703 4396; x_wconf 89' lang='lat' dir='ltr'>bec</span> <span class='ocrx_word' id='word_1_338' title='bbox 723 4339 792 4394; x_wconf 90' lang='lat' dir='ltr'>libro</span> <span class='ocrx_word' id='word_1_339' title='bbox 815 4339 888 4410; x_wconf 71' lang='lat' dir='ltr'>legit,</span> 
     </span>
     <span class='ocr_line' id='line_1_46' title="bbox 103 4428 889 4504; baseline -0.01 -14"><span class='ocrx_word' id='word_1_340' title='bbox 103 4445 132 4490; x_wconf 91' lang='lat' dir='ltr'>ut</span> <span class='ocrx_word' id='word_1_341' title='bbox 146 4435 228 4489; x_wconf 89' lang='lat' dir='ltr'>sciat:</span> <span class='ocrx_word' id='word_1_342' title='bbox 240 4432 286 4488; x_wconf 89' lang='lat' dir='ltr'>scd</span> <span class='ocrx_word' id='word_1_343' title='bbox 299 4432 387 4504; x_wconf 90' lang='lat' dir='ltr'>potius</span> <span class='ocrx_word' id='word_1_344' title='bbox 400 4431 455 4501; x_wconf 86' lang='lat' dir='ltr'>ipsa</span> <span class='ocrx_word' id='word_1_345' title='bbox 470 4429 527 4500; x_wconf 86' lang='lat' dir='ltr'>ejus</span> <span class='ocrx_word' id='word_1_346' title='bbox 542 4428 707 4500; x_wconf 80' lang='lat' dir='ltr'>praescientia</span> <span class='ocrx_word' id='word_1_347' title='bbox 719 4428 754 4484; x_wconf 91' lang='lat' dir='ltr'>de</span> <span class='ocrx_word' id='word_1_348' title='bbox 766 4428 889 4498; x_wconf 68' lang='lat' dir='ltr'>illisque</span> 
     </span>
     <span class='ocr_line' id='line_1_47' title="bbox 103 4519 888 4595; baseline -0.01 -13"><span class='ocrx_word' id='word_1_349' title='bbox 103 4526 158 4582; x_wconf 89' lang='lat' dir='ltr'>iulii</span> <span class='ocrx_word' id='word_1_350' title='bbox 173 4541 225 4581; x_wconf 92' lang='lat' dir='ltr'>non</span> <span class='ocrx_word' id='word_1_351' title='bbox 241 4534 337 4595; x_wconf 91' lang='lat' dir='ltr'>potest,</span> <span class='ocrx_word' id='word_1_352' title='bbox 352 4524 419 4578; x_wconf 89' lang='lat' dir='ltr'>iiber</span> <span class='ocrx_word' id='word_1_353' title='bbox 431 4529 475 4578; x_wconf 90' lang='lat' dir='ltr'>est</span> <span class='ocrx_word' id='word_1_354' title='bbox 487 4523 557 4589; x_wconf 82' lang='lat' dir='ltr'>vitae,</span> <span class='ocrx_word' id='word_1_355' title='bbox 572 4522 598 4576; x_wconf 91' lang='lat' dir='ltr'>iu</span> <span class='ocrx_word' id='word_1_356' title='bbox 609 4535 662 4592; x_wconf 88' lang='lat' dir='ltr'>quo</span> <span class='ocrx_word' id='word_1_357' title='bbox 676 4529 738 4574; x_wconf 91' lang='lat' dir='ltr'>sunt</span> <span class='ocrx_word' id='word_1_358' title='bbox 749 4519 851 4588; x_wconf 86' lang='lat' dir='ltr'>scripti,</span> <span class='ocrx_word' id='word_1_359' title='bbox 864 4519 888 4574; x_wconf 93' lang='lat' dir='ltr'>id</span> 
     </span>
     <span class='ocr_line' id='line_1_48' title="bbox 102 4616 407 4689; baseline -0.023 -13"><span class='ocrx_word' id='word_1_360' title='bbox 102 4628 154 4687; x_wconf 90' lang='lat' dir='ltr'>est,</span> <span class='ocrx_word' id='word_1_361' title='bbox 171 4627 232 4674; x_wconf 88' lang='lat' dir='ltr'>ante</span> <span class='ocrx_word' id='word_1_362' title='bbox 245 4616 407 4689; x_wconf 77' lang='lat' dir='ltr'>praecogniti.</span> 
     </span>
    </p>
   </div>
   <div class='ocr_carea' id='block_1_3' title="bbox 169 4746 826 4808">
    <p class='ocr_par' dir='ltr' id='par_1_3' title="bbox 169 4746 826 4808">
     <span class='ocr_line' id='line_1_49' title="bbox 169 4746 826 4808; baseline -0.017 0"><span class='ocrx_word' id='word_1_363' title='bbox 169 4749 280 4808; x_wconf 83' lang='lat' dir='ltr'>CAPUT</span> <span class='ocrx_word' id='word_1_364' title='bbox 301 4747 369 4805; x_wconf 82' lang='lat' dir='ltr'>xll.</span> <span class='ocrx_word' id='word_1_365' title='bbox 382 4747 468 4800; x_wconf 86' lang='lat' dir='ltr'>-De</span> <span class='ocrx_word' id='word_1_366' title='bbox 481 4746 542 4800; x_wconf 88' lang='lat' dir='ltr'>coelo</span> <span class='ocrx_word' id='word_1_367' title='bbox 557 4761 628 4806; x_wconf 84' lang='lat' dir='ltr'>novo,</span> <span class='ocrx_word' id='word_1_368' title='bbox 643 4754 665 4798; x_wconf 91' lang='lat' dir='ltr'>et</span> <span class='ocrx_word' id='word_1_369' title='bbox 680 4755 746 4797; x_wconf 85' lang='lat' dir='ltr'>terra</span> <span class='ocrx_word' id='word_1_370' title='bbox 756 4759 826 4798; x_wconf 80' lang='lat' dir='ltr'>neon</span> 
     </span>
    </p>
   </div>
   <div class='ocr_carea' id='block_1_4' title="bbox 102 4877 889 5684">
    <p class='ocr_par' dir='ltr' id='par_1_4' title="bbox 102 4877 889 5684">
     <span class='ocr_line' id='line_1_50' title="bbox 138 4877 889 4955; baseline -0.016 -13"><span class='ocrx_word' id='word_1_371' title='bbox 138 4888 225 4943; x_wconf 82' lang='lat' dir='ltr'>Finito</span> <span class='ocrx_word' id='word_1_372' title='bbox 240 4895 328 4940; x_wconf 88' lang='lat' dir='ltr'>antem</span> <span class='ocrx_word' id='word_1_373' title='bbox 341 4883 451 4955; x_wconf 87' lang='lat' dir='ltr'>judicio,</span> <span class='ocrx_word' id='word_1_374' title='bbox 467 4896 520 4951; x_wconf 91' lang='lat' dir='ltr'>qun</span> <span class='ocrx_word' id='word_1_375' title='bbox 535 4879 721 4950; x_wconf 66' lang='lat' dir='ltr'>praenuntiavit</span> <span class='ocrx_word' id='word_1_376' title='bbox 731 4877 889 4947; x_wconf 77' lang='lat' dir='ltr'>iudicandos</span> 
     </span>
     <span class='ocr_line' id='line_1_51' title="bbox 103 4968 888 5046; baseline -0.015 -11"><span class='ocrx_word' id='word_1_377' title='bbox 103 4983 198 5046; x_wconf 86' lang='lat' dir='ltr'>malos,</span> <span class='ocrx_word' id='word_1_378' title='bbox 215 4986 299 5036; x_wconf 89' lang='lat' dir='ltr'>restat</span> <span class='ocrx_word' id='word_1_379' title='bbox 312 4987 341 5032; x_wconf 94' lang='lat' dir='ltr'>ut</span> <span class='ocrx_word' id='word_1_380' title='bbox 362 4977 442 5030; x_wconf 90' lang='lat' dir='ltr'>ctiam</span> <span class='ocrx_word' id='word_1_381' title='bbox 455 4972 578 5029; x_wconf 90' lang='lat' dir='ltr'>debonis</span> <span class='ocrx_word' id='word_1_382' title='bbox 591 4971 671 5025; x_wconf 83' lang='lat' dir='ltr'>dieat.</span> <span class='ocrx_word' id='word_1_383' title='bbox 685 4968 742 5024; x_wconf 86' lang='lat' dir='ltr'>iam</span> <span class='ocrx_word' id='word_1_384' title='bbox 756 4968 827 5024; x_wconf 87' lang='lat' dir='ltr'>enim</span> <span class='ocrx_word' id='word_1_385' title='bbox 839 4983 888 5023; x_wconf 85' lang='lat' dir='ltr'>ex·</span> 
     </span>
     <span class='ocr_line' id='line_1_52' title="bbox 102 5059 889 5146; baseline -0.017 -19"><span class='ocrx_word' id='word_1_386' title='bbox 102 5072 210 5146; x_wconf 84' lang='lat' dir='ltr'>plicavit</span> <span class='ocrx_word' id='word_1_387' title='bbox 224 5070 294 5143; x_wconf 93' lang='lat' dir='ltr'>quod</span> <span class='ocrx_word' id='word_1_388' title='bbox 308 5069 450 5126; x_wconf 85' lang='lat' dir='ltr'>brevitera</span> <span class='ocrx_word' id='word_1_389' title='bbox 469 5067 582 5121; x_wconf 84' lang='lat' dir='ltr'>Domino</span> <span class='ocrx_word' id='word_1_390' title='bbox 598 5063 696 5118; x_wconf 90' lang='lat' dir='ltr'>dictum</span> <span class='ocrx_word' id='word_1_391' title='bbox 721 5071 762 5117; x_wconf 89' lang='lat' dir='ltr'>est</span> <span class='ocrx_word' id='word_1_392' title='bbox 782 5102 790 5123; x_wconf 83' lang='lat'>,</span> <span class='ocrx_word' id='word_1_393' title='bbox 810 5059 889 5116; x_wconf 84' lang='lat' dir='ltr'>liant</span> 
     </span>
     <span class='ocr_line' id='line_1_53' title="bbox 102 5153 888 5234; baseline -0.018 -15"><span class='ocrx_word' id='word_1_394' title='bbox 102 5165 144 5219; x_wconf 79' lang='lat' dir='ltr'>isti</span> <span class='ocrx_word' id='word_1_395' title='bbox 153 5165 180 5218; x_wconf 88' lang='lat' dir='ltr'>in</span> <span class='ocrx_word' id='word_1_396' title='bbox 192 5160 345 5234; x_wconf 79' lang='lat' dir='ltr'>supplicium</span> <span class='ocrx_word' id='word_1_397' title='bbox 355 5171 492 5222; x_wconf 59' lang='lat' dir='ltr'>crunnum·</span> <span class='ocrx_word' id='word_1_398' title='bbox 506 5157 633 5229; x_wconf 90' lang='lat' dir='ltr'>sequitur,</span> <span class='ocrx_word' id='word_1_399' title='bbox 648 5163 677 5209; x_wconf 95' lang='lat' dir='ltr'>ut</span> <span class='ocrx_word' id='word_1_400' title='bbox 690 5153 805 5222; x_wconf 85' lang='lat' dir='ltr'>explicet</span> <span class='ocrx_word' id='word_1_401' title='bbox 817 5153 888 5223; x_wconf 83' lang='lat' dir='ltr'>quot</span> 
     </span>
     <span class='ocr_line' id='line_1_54' title="bbox 102 5245 888 5312; baseline -0.019 -2"><span class='ocrx_word' id='word_1_402' title='bbox 102 5257 182 5311; x_wconf 82' lang='lat' dir='ltr'>etiarn</span> <span class='ocrx_word' id='word_1_403' title='bbox 198 5253 233 5308; x_wconf 90' lang='lat' dir='ltr'>ibi</span> <span class='ocrx_word' id='word_1_404' title='bbox 250 5254 426 5312; x_wconf 86' lang='lat' dir='ltr'>connectitur,</span> <span class='ocrx_word' id='word_1_405' title='bbox 447 5247 515 5303; x_wconf 83' lang='lat' dir='ltr'>Jurti</span> <span class='ocrx_word' id='word_1_406' title='bbox 532 5258 616 5302; x_wconf 83' lang='lat' dir='ltr'>uelem</span> <span class='ocrx_word' id='word_1_407' title='bbox 631 5246 657 5299; x_wconf 90' lang='lat' dir='ltr'>in</span> <span class='ocrx_word' id='word_1_408' title='bbox 674 5245 750 5299; x_wconf 87' lang='lat' dir='ltr'>uitem</span> <span class='ocrx_word' id='word_1_409' title='bbox 769 5255 888 5297; x_wconf 78' lang='lat' dir='ltr'>arternum</span> 
     </span>
     <span class='ocr_line' id='line_1_55' title="bbox 105 5337 888 5414; baseline -0.014 -16"><span class='ocrx_word' id='word_1_410' title='bbox 105 5343 210 5414; x_wconf 77' lang='lat' dir='ltr'>(liutein</span> <span class='ocrx_word' id='word_1_411' title='bbox 234 5357 296 5404; x_wconf 89' lang='lat' dir='ltr'>xxv,</span> <span class='ocrx_word' id='word_1_412' title='bbox 319 5340 374 5410; x_wconf 81' lang='lat' dir='ltr'>lb).</span> <span class='ocrx_word' id='word_1_413' title='bbox 395 5339 502 5404; x_wconf 83' lang='lat' dir='ltr'>iltridi,</span> <span class='ocrx_word' id='word_1_414' title='bbox 521 5339 615 5409; x_wconf 87' lang='lat' dir='ltr'>inquil,</span> <span class='ocrx_word' id='word_1_415' title='bbox 632 5337 721 5391; x_wconf 77' lang='lat' dir='ltr'>celum</span> <span class='ocrx_word' id='word_1_416' title='bbox 742 5351 842 5399; x_wconf 83' lang='lat' dir='ltr'>nerunt,</span> <span class='ocrx_word' id='word_1_417' title='bbox 865 5344 888 5388; x_wconf 78' lang='lat' dir='ltr'>et</span> 
     </span>
     <span class='ocr_line' id='line_1_56' title="bbox 103 5425 886 5499; baseline -0.015 -9"><span class='ocrx_word' id='word_1_418' title='bbox 103 5445 195 5490; x_wconf 80' lang='lat' dir='ltr'>terrain</span> <span class='ocrx_word' id='word_1_419' title='bbox 216 5449 316 5488; x_wconf 83' lang='lat' dir='ltr'>nonum.</span> <span class='ocrx_word' id='word_1_420' title='bbox 333 5430 403 5485; x_wconf 83' lang='lat' dir='ltr'>Num</span> <span class='ocrx_word' id='word_1_421' title='bbox 416 5430 526 5499; x_wconf 83' lang='lat' dir='ltr'>prirrmm</span> <span class='ocrx_word' id='word_1_422' title='bbox 539 5429 629 5483; x_wconf 79' lang='lat' dir='ltr'>ceiam</span> <span class='ocrx_word' id='word_1_423' title='bbox 648 5437 671 5482; x_wconf 86' lang='lat' dir='ltr'>et</span> <span class='ocrx_word' id='word_1_424' title='bbox 692 5438 759 5480; x_wconf 85' lang='lat' dir='ltr'>terra</span> <span class='ocrx_word' id='word_1_425' title='bbox 782 5427 864 5495; x_wconf 85' lang='lat' dir='ltr'>primu</span> <span class='ocrx_word' id='word_1_426' title='bbox 879 5425 886 5456; x_wconf 90' lang='lat'><strong>¹</strong></span> 
     </span>
     <span class='ocr_line' id='line_1_57' title="bbox 104 5511 888 5590; baseline -0.017 -10"><span class='ocrx_word' id='word_1_427' title='bbox 104 5533 267 5590; x_wconf 75' lang='lat' dir='ltr'>reccucrnnt,</span> <span class='ocrx_word' id='word_1_428' title='bbox 289 5531 312 5577; x_wconf 88' lang='lat' dir='ltr'>et</span> <span class='ocrx_word' id='word_1_429' title='bbox 333 5537 402 5575; x_wconf 89' lang='lat' dir='ltr'>mure</span> <span class='ocrx_word' id='word_1_430' title='bbox 410 5521 466 5590; x_wconf 77' lang='lat' dir='ltr'>jum</span> <span class='ocrx_word' id='word_1_431' title='bbox 487 5535 537 5573; x_wconf 91' lang='lat' dir='ltr'>non</span> <span class='ocrx_word' id='word_1_432' title='bbox 558 5529 593 5571; x_wconf 83' lang='lat' dir='ltr'>ert</span> <span class='ocrx_word' id='word_1_433' title='bbox 607 5517 698 5590; x_wconf 76' lang='lat' dir='ltr'>(ripae.</span> <span class='ocrx_word' id='word_1_434' title='bbox 712 5532 766 5580; x_wconf 83' lang='lat' dir='ltr'>xxi,</span> <span class='ocrx_word' id='word_1_435' title='bbox 783 5515 821 5584; x_wconf 87' lang='lat' dir='ltr'>i).</span> <span class='ocrx_word' id='word_1_436' title='bbox 836 5511 888 5569; x_wconf 86' lang='lat' dir='ltr'>lstn</span> 
     </span>
     <span class='ocr_line' id='line_1_58' title="bbox 103 5604 888 5684; baseline -0.017 -13"><span class='ocrx_word' id='word_1_437' title='bbox 103 5616 150 5671; x_wconf 81' lang='lat' dir='ltr'>iim</span> <span class='ocrx_word' id='word_1_438' title='bbox 164 5614 267 5679; x_wconf 88' lang='lat' dir='ltr'>ordine,</span> <span class='ocrx_word' id='word_1_439' title='bbox 290 5611 359 5684; x_wconf 92' lang='lat' dir='ltr'>quod</span> <span class='ocrx_word' id='word_1_440' title='bbox 373 5609 494 5678; x_wconf 84' lang='lat' dir='ltr'>superius</span> <span class='ocrx_word' id='word_1_441' title='bbox 514 5607 724 5679; x_wconf 78' lang='lat' dir='ltr'>praeoccupando</span> <span class='ocrx_word' id='word_1_442' title='bbox 743 5608 798 5677; x_wconf 86' lang='lat' dir='ltr'>jam</span> <span class='ocrx_word' id='word_1_443' title='bbox 810 5604 888 5672; x_wconf 88' lang='lat' dir='ltr'>dixit,</span> 
     </span>
    </p>
   </div>
   <div class='ocr_carea' id='block_1_5' title="bbox 135 5747 645 5894">
    <p class='ocr_par' dir='ltr' id='par_1_5' title="bbox 135 5747 645 5894">
     <span class='ocr_line' id='line_1_59' title="bbox 135 5747 552 5808; baseline -0.017 -8"><span class='ocrx_word' id='word_1_444' title='bbox 135 5750 144 5782; x_wconf 88' lang='lat'>¹</span> <span class='ocrx_word' id='word_1_445' title='bbox 161 5757 186 5801; x_wconf 86' lang='lat' dir='ltr'>tu</span> <span class='ocrx_word' id='word_1_446' title='bbox 197 5751 367 5803; x_wconf 77' lang='lat' dir='ltr'>omnibusltss</span> <span class='ocrx_word' id='word_1_447' title='bbox 376 5747 457 5808; x_wconf 75' lang='lat' dir='ltr'>deest,</span> <span class='ocrx_word' id='word_1_448' title='bbox 465 5757 552 5808; x_wconf 76' lang='lat' dir='ltr'>prone</span> 
     </span>
     <span class='ocr_line' id='line_1_60' title="bbox 281 5826 645 5894; baseline -0.027 0"><span class='ocrx_word' id='word_1_449' title='bbox 281 5834 383 5894; x_wconf 86' lang='lat' dir='ltr'>Sancr</span> <span class='ocrx_word' id='word_1_450' title='bbox 417 5832 553 5892; x_wconf 77' lang='lat' dir='ltr'>Aucusr&#39;.</span> <span class='ocrx_word' id='word_1_451' title='bbox 578 5826 645 5886; x_wconf 85' lang='lat' dir='ltr'>t&#39;ll.</span> 
     </span>
    </p>
   </div>
   <div class='ocr_carea' id='block_1_6' title="bbox 749 310 1057 368">
    <p class='ocr_par' dir='ltr' id='par_1_6' title="bbox 749 310 1057 368">
     <span class='ocr_line' id='line_1_61' title="bbox 749 310 1057 368; baseline -0.01 -1"><span class='ocrx_word' id='word_1_452' title='bbox 749 313 848 368; x_wconf 73' lang='lat' dir='ltr'>tinen</span> <span class='ocrx_word' id='word_1_453' title='bbox 868 310 1057 368; x_wconf 74' lang='lat' dir='ltr'>trossulus.</span> 
     </span>
    </p>
   </div>
   <div class='ocr_carea' id='block_1_7' title="bbox 1683 321 1736 377">
    <p class='ocr_par' dir='ltr' id='par_1_7' title="bbox 1683 321 1736 377">
     <span class='ocr_line' id='line_1_62' title="bbox 1683 321 1736 377; baseline 0.019 -1"><span class='ocrx_word' id='word_1_454' title='bbox 1683 321 1736 377; x_wconf 74' lang='lat' dir='ltr'>litt</span> 
     </span>
    </p>
   </div>
   <div class='ocr_carea' id='block_1_8' title="bbox 943 425 1738 2948">
    <p class='ocr_par' dir='ltr' id='par_1_8' title="bbox 943 425 1738 2948">
     <span class='ocr_line' id='line_1_63' title="bbox 953 425 1738 502; baseline 0.018 -24"><span class='ocrx_word' id='word_1_455' title='bbox 953 425 1050 479; x_wconf 89' lang='lat' dir='ltr'>vidisse</span> <span class='ocrx_word' id='word_1_456' title='bbox 1063 440 1092 479; x_wconf 93' lang='lat' dir='ltr'>se</span> <span class='ocrx_word' id='word_1_457' title='bbox 1104 440 1184 494; x_wconf 86' lang='lat' dir='ltr'>super</span> <span class='ocrx_word' id='word_1_458' title='bbox 1198 427 1321 481; x_wconf 87' lang='lat' dir='ltr'>tirronum</span> <span class='ocrx_word' id='word_1_459' title='bbox 1341 427 1488 496; x_wconf 86' lang='lat' dir='ltr'>sedentem,</span> <span class='ocrx_word' id='word_1_460' title='bbox 1502 446 1516 485; x_wconf 87' lang='lat' dir='ltr'>a</span> <span class='ocrx_word' id='word_1_461' title='bbox 1529 432 1604 502; x_wconf 80' lang='lat' dir='ltr'>cujus</span> <span class='ocrx_word' id='word_1_462' title='bbox 1619 434 1684 490; x_wconf 80' lang='lat' dir='ltr'>lucie</span> <span class='ocrx_word' id='word_1_463' title='bbox 1696 437 1738 491; x_wconf 91' lang='lat' dir='ltr'>lu·</span> 
     </span>
     <span class='ocr_line' id='line_1_64' title="bbox 951 515 1735 593; baseline 0.015 -26"><span class='ocrx_word' id='word_1_464' title='bbox 951 516 989 584; x_wconf 80' lang='lat' dir='ltr'>git</span> <span class='ocrx_word' id='word_1_465' title='bbox 1001 515 1096 570; x_wconf 83' lang='lat' dir='ltr'>crelmn</span> <span class='ocrx_word' id='word_1_466' title='bbox 1119 526 1147 571; x_wconf 91' lang='lat' dir='ltr'>et</span> <span class='ocrx_word' id='word_1_467' title='bbox 1160 526 1240 572; x_wconf 86' lang='lat' dir='ltr'>terra.</span> <span class='ocrx_word' id='word_1_468' title='bbox 1261 516 1388 572; x_wconf 82' lang='lat' dir='ltr'>iudicatis</span> <span class='ocrx_word' id='word_1_469' title='bbox 1408 520 1506 590; x_wconf 89' lang='lat' dir='ltr'>quippe</span> <span class='ocrx_word' id='word_1_470' title='bbox 1520 521 1571 589; x_wconf 84' lang='lat' dir='ltr'>itis,</span> <span class='ocrx_word' id='word_1_471' title='bbox 1586 522 1631 592; x_wconf 93' lang='lat' dir='ltr'>qui</span> <span class='ocrx_word' id='word_1_472' title='bbox 1644 523 1735 593; x_wconf 88' lang='lat' dir='ltr'>scripti</span> 
     </span>
     <span class='ocr_line' id='line_1_65' title="bbox 953 606 1736 681; baseline 0.017 -22"><span class='ocrx_word' id='word_1_473' title='bbox 953 620 1006 660; x_wconf 92' lang='lat' dir='ltr'>non</span> <span class='ocrx_word' id='word_1_474' title='bbox 1022 607 1123 660; x_wconf 90' lang='lat' dir='ltr'>suntin</span> <span class='ocrx_word' id='word_1_475' title='bbox 1144 606 1212 662; x_wconf 91' lang='lat' dir='ltr'>libro</span> <span class='ocrx_word' id='word_1_476' title='bbox 1224 608 1294 670; x_wconf 80' lang='lat' dir='ltr'>vitae,</span> <span class='ocrx_word' id='word_1_477' title='bbox 1316 618 1343 662; x_wconf 92' lang='lat' dir='ltr'>et</span> <span class='ocrx_word' id='word_1_478' title='bbox 1356 609 1382 662; x_wconf 92' lang='lat' dir='ltr'>in</span> <span class='ocrx_word' id='word_1_479' title='bbox 1396 619 1523 665; x_wconf 75' lang='lat' dir='ltr'>aeternum</span> <span class='ocrx_word' id='word_1_480' title='bbox 1538 612 1625 681; x_wconf 78' lang='lat' dir='ltr'>ignem</span> <span class='ocrx_word' id='word_1_481' title='bbox 1647 615 1736 672; x_wconf 79' lang='lat' dir='ltr'>missit</span> 
     </span>
     <span class='ocr_line' id='line_1_66' title="bbox 952 695 1734 774; baseline 0.013 -25"><span class='ocrx_word' id='word_1_482' title='bbox 952 695 1008 766; x_wconf 91' lang='lat' dir='ltr'>(qui</span> <span class='ocrx_word' id='word_1_483' title='bbox 1022 697 1090 767; x_wconf 80' lang='lat' dir='ltr'>ignis</span> <span class='ocrx_word' id='word_1_484' title='bbox 1103 698 1261 768; x_wconf 83' lang='lat' dir='ltr'>crrjrrsmodi,</span> <span class='ocrx_word' id='word_1_485' title='bbox 1274 711 1300 753; x_wconf 91' lang='lat' dir='ltr'>et</span> <span class='ocrx_word' id='word_1_486' title='bbox 1315 700 1402 770; x_wconf 90' lang='lat' dir='ltr'>inqua</span> <span class='ocrx_word' id='word_1_487' title='bbox 1417 702 1505 756; x_wconf 88' lang='lat' dir='ltr'>mundi</span> <span class='ocrx_word' id='word_1_488' title='bbox 1516 703 1558 757; x_wconf 89' lang='lat' dir='ltr'>vel</span> <span class='ocrx_word' id='word_1_489' title='bbox 1574 720 1661 759; x_wconf 88' lang='lat' dir='ltr'>rerum</span> <span class='ocrx_word' id='word_1_490' title='bbox 1673 720 1734 774; x_wconf 81' lang='lat' dir='ltr'>par·</span> 
     </span>
     <span class='ocr_line' id='line_1_67' title="bbox 951 786 1733 863; baseline 0.014 -25"><span class='ocrx_word' id='word_1_491' title='bbox 951 793 977 840; x_wconf 86' lang='lat' dir='ltr'>tc</span> <span class='ocrx_word' id='word_1_492' title='bbox 992 786 1095 842; x_wconf 86' lang='lat' dir='ltr'>iuturus</span> <span class='ocrx_word' id='word_1_493' title='bbox 1112 789 1154 851; x_wconf 92' lang='lat' dir='ltr'>sit,</span> <span class='ocrx_word' id='word_1_494' title='bbox 1173 787 1305 842; x_wconf 89' lang='lat' dir='ltr'>bominem</span> <span class='ocrx_word' id='word_1_495' title='bbox 1318 790 1387 844; x_wconf 88' lang='lat' dir='ltr'>scire</span> <span class='ocrx_word' id='word_1_496' title='bbox 1399 791 1513 845; x_wconf 75' lang='lat' dir='ltr'>arbitror</span> <span class='ocrx_word' id='word_1_497' title='bbox 1528 794 1670 863; x_wconf 78' lang='lat' dir='ltr'>neminem,</span> <span class='ocrx_word' id='word_1_498' title='bbox 1681 794 1733 849; x_wconf 79' lang='lat' dir='ltr'>nisi</span> 
     </span>
     <span class='ocr_line' id='line_1_68' title="bbox 950 874 1736 954; baseline 0.017 -27"><span class='ocrx_word' id='word_1_499' title='bbox 950 874 1017 930; x_wconf 81' lang='lat' dir='ltr'>sorte</span> <span class='ocrx_word' id='word_1_500' title='bbox 1029 876 1071 931; x_wconf 92' lang='lat' dir='ltr'>cui</span> <span class='ocrx_word' id='word_1_501' title='bbox 1084 876 1196 945; x_wconf 90' lang='lat' dir='ltr'>Spiritus</span> <span class='ocrx_word' id='word_1_502' title='bbox 1211 877 1315 932; x_wconf 82' lang='lat' dir='ltr'>divinus</span> <span class='ocrx_word' id='word_1_503' title='bbox 1330 880 1466 950; x_wconf 87' lang='lat' dir='ltr'>ostendit),</span> <span class='ocrx_word' id='word_1_504' title='bbox 1482 891 1543 936; x_wconf 90' lang='lat' dir='ltr'>tunc</span> <span class='ocrx_word' id='word_1_505' title='bbox 1558 880 1640 952; x_wconf 72' lang='lat' dir='ltr'>ligura</span> <span class='ocrx_word' id='word_1_506' title='bbox 1657 882 1736 954; x_wconf 78' lang='lat' dir='ltr'>buius</span> 
     </span>
     <span class='ocr_line' id='line_1_69' title="bbox 950 966 1733 1042; baseline 0.01 -23"><span class='ocrx_word' id='word_1_507' title='bbox 950 966 1040 1021; x_wconf 91' lang='lat' dir='ltr'>mundi</span> <span class='ocrx_word' id='word_1_508' title='bbox 1063 969 1254 1022; x_wconf 87' lang='lat' dir='ltr'>mundanorum</span> <span class='ocrx_word' id='word_1_509' title='bbox 1279 969 1376 1038; x_wconf 82' lang='lat' dir='ltr'>ignium</span> <span class='ocrx_word' id='word_1_510' title='bbox 1391 968 1596 1042; x_wconf 74' lang='lat' dir='ltr'>conflagratione</span> <span class='ocrx_word' id='word_1_511' title='bbox 1611 974 1733 1041; x_wconf 72' lang='lat' dir='ltr'>praeteri·</span> 
     </span>
     <span class='ocr_line' id='line_1_70' title="bbox 950 1055 1733 1130; baseline 0.01 -21"><span class='ocrx_word' id='word_1_512' title='bbox 950 1055 997 1122; x_wconf 93' lang='lat' dir='ltr'>bit,</span> <span class='ocrx_word' id='word_1_513' title='bbox 1012 1057 1081 1111; x_wconf 89' lang='lat' dir='ltr'>sicut</span> <span class='ocrx_word' id='word_1_514' title='bbox 1095 1058 1191 1112; x_wconf 86' lang='lat' dir='ltr'>iactum</span> <span class='ocrx_word' id='word_1_515' title='bbox 1205 1067 1246 1112; x_wconf 87' lang='lat' dir='ltr'>cst</span> <span class='ocrx_word' id='word_1_516' title='bbox 1260 1060 1451 1113; x_wconf 89' lang='lat' dir='ltr'>mundanarum</span> <span class='ocrx_word' id='word_1_517' title='bbox 1471 1077 1598 1130; x_wconf 87' lang='lat' dir='ltr'>uquarum</span> <span class='ocrx_word' id='word_1_518' title='bbox 1619 1062 1733 1117; x_wconf 89' lang='lat' dir='ltr'>inunda-</span> 
     </span>
     <span class='ocr_line' id='line_1_71' title="bbox 950 1147 1734 1224; baseline 0.013 -23"><span class='ocrx_word' id='word_1_519' title='bbox 950 1147 1021 1202; x_wconf 89' lang='lat' dir='ltr'>tione</span> <span class='ocrx_word' id='word_1_520' title='bbox 1035 1148 1172 1203; x_wconf 87' lang='lat' dir='ltr'>dilnvium.</span> <span class='ocrx_word' id='word_1_521' title='bbox 1200 1149 1244 1204; x_wconf 88' lang='lat' dir='ltr'>iila</span> <span class='ocrx_word' id='word_1_522' title='bbox 1267 1151 1364 1220; x_wconf 86' lang='lat' dir='ltr'>itaque,</span> <span class='ocrx_word' id='word_1_523' title='bbox 1387 1162 1414 1205; x_wconf 91' lang='lat' dir='ltr'>ut</span> <span class='ocrx_word' id='word_1_524' title='bbox 1438 1151 1502 1216; x_wconf 86' lang='lat' dir='ltr'>dixi,</span> <span class='ocrx_word' id='word_1_525' title='bbox 1526 1154 1734 1224; x_wconf 79' lang='lat' dir='ltr'>conflagratione</span> 
     </span>
     <span class='ocr_line' id='line_1_72' title="bbox 949 1239 1734 1315; baseline 0.015 -24"><span class='ocrx_word' id='word_1_526' title='bbox 949 1239 1081 1294; x_wconf 89' lang='lat' dir='ltr'>mundana</span> <span class='ocrx_word' id='word_1_527' title='bbox 1096 1241 1287 1295; x_wconf 85' lang='lat' dir='ltr'>elementorum</span> <span class='ocrx_word' id='word_1_528' title='bbox 1303 1244 1510 1311; x_wconf 88' lang='lat' dir='ltr'>corruptibilium</span> <span class='ocrx_word' id='word_1_529' title='bbox 1523 1245 1734 1315; x_wconf 57' lang='lat' dir='ltr'>qualitatesque</span> 
     </span>
     <span class='ocr_line' id='line_1_73' title="bbox 948 1332 1733 1406; baseline 0.009 -21"><span class='ocrx_word' id='word_1_530' title='bbox 948 1332 1105 1399; x_wconf 89' lang='lat' dir='ltr'>corporibus</span> <span class='ocrx_word' id='word_1_531' title='bbox 1130 1334 1227 1387; x_wconf 88' lang='lat' dir='ltr'>uostris</span> <span class='ocrx_word' id='word_1_532' title='bbox 1243 1334 1458 1402; x_wconf 74' lang='lat' dir='ltr'>corruptibilibus</span> <span class='ocrx_word' id='word_1_533' title='bbox 1473 1337 1660 1406; x_wconf 76' lang='lat' dir='ltr'>congruebant,</span> <span class='ocrx_word' id='word_1_534' title='bbox 1687 1353 1733 1392; x_wconf 91' lang='lat' dir='ltr'>ar·</span> 
     </span>
     <span class='ocr_line' id='line_1_74' title="bbox 949 1420 1734 1494; baseline 0.01 -19"><span class='ocrx_word' id='word_1_535' title='bbox 949 1420 1037 1475; x_wconf 90' lang='lat' dir='ltr'>dendo</span> <span class='ocrx_word' id='word_1_536' title='bbox 1054 1424 1157 1490; x_wconf 89' lang='lat' dir='ltr'>penitus</span> <span class='ocrx_word' id='word_1_537' title='bbox 1172 1423 1331 1488; x_wconf 75' lang='lat' dir='ltr'>imerilrunt3</span> <span class='ocrx_word' id='word_1_538' title='bbox 1348 1434 1426 1494; x_wconf 88' lang='lat' dir='ltr'>atque</span> <span class='ocrx_word' id='word_1_539' title='bbox 1441 1427 1495 1494; x_wconf 88' lang='lat' dir='ltr'>ipsa</span> <span class='ocrx_word' id='word_1_540' title='bbox 1517 1427 1662 1481; x_wconf 80' lang='lat' dir='ltr'>subscintiu</span> <span class='ocrx_word' id='word_1_541' title='bbox 1687 1442 1734 1483; x_wconf 87' lang='lat' dir='ltr'>eas</span> 
     </span>
     <span class='ocr_line' id='line_1_75' title="bbox 947 1511 1732 1584; baseline 0.01 -20"><span class='ocrx_word' id='word_1_542' title='bbox 947 1512 1087 1580; x_wconf 85' lang='lat' dir='ltr'>qualitales</span> <span class='ocrx_word' id='word_1_543' title='bbox 1105 1511 1223 1579; x_wconf 87' lang='lat' dir='ltr'>babebit,</span> <span class='ocrx_word' id='word_1_544' title='bbox 1239 1529 1298 1584; x_wconf 84' lang='lat' dir='ltr'>quae</span> <span class='ocrx_word' id='word_1_545' title='bbox 1310 1515 1464 1583; x_wconf 88' lang='lat' dir='ltr'>corporibus</span> <span class='ocrx_word' id='word_1_546' title='bbox 1478 1516 1670 1571; x_wconf 81' lang='lat' dir='ltr'>immortalibus</span> <span class='ocrx_word' id='word_1_547' title='bbox 1681 1515 1732 1572; x_wconf 88' lang='lat' dir='ltr'>mi·</span> 
     </span>
     <span class='ocr_line' id='line_1_76' title="bbox 947 1605 1731 1663; baseline 0.006 -5"><span class='ocrx_word' id='word_1_548' title='bbox 947 1605 1024 1658; x_wconf 87' lang='lat' dir='ltr'>rabili</span> <span class='ocrx_word' id='word_1_549' title='bbox 1049 1606 1195 1661; x_wconf 79' lang='lat' dir='ltr'>nudatione</span> <span class='ocrx_word' id='word_1_550' title='bbox 1209 1607 1386 1661; x_wconf 88' lang='lat' dir='ltr'>conveniant:</span> <span class='ocrx_word' id='word_1_551' title='bbox 1409 1617 1434 1660; x_wconf 90' lang='lat' dir='ltr'>ul</span> <span class='ocrx_word' id='word_1_552' title='bbox 1447 1608 1549 1663; x_wconf 91' lang='lat' dir='ltr'>scilicet</span> <span class='ocrx_word' id='word_1_553' title='bbox 1572 1609 1685 1662; x_wconf 89' lang='lat' dir='ltr'>mundus</span> <span class='ocrx_word' id='word_1_554' title='bbox 1705 1610 1731 1663; x_wconf 92' lang='lat' dir='ltr'>in</span> 
     </span>
     <span class='ocr_line' id='line_1_77' title="bbox 948 1695 1732 1766; baseline 0.011 -19"><span class='ocrx_word' id='word_1_555' title='bbox 948 1695 1043 1750; x_wconf 90' lang='lat' dir='ltr'>melius</span> <span class='ocrx_word' id='word_1_556' title='bbox 1072 1697 1231 1762; x_wconf 74' lang='lat' dir='ltr'>innuimus,</span> <span class='ocrx_word' id='word_1_557' title='bbox 1258 1707 1319 1766; x_wconf 91' lang='lat' dir='ltr'>apte</span> <span class='ocrx_word' id='word_1_558' title='bbox 1346 1698 1558 1754; x_wconf 72' lang='lat' dir='ltr'>accommodetur</span> <span class='ocrx_word' id='word_1_559' title='bbox 1581 1699 1732 1757; x_wconf 84' lang='lat' dir='ltr'>bominibus</span> 
     </span>
     <span class='ocr_line' id='line_1_78' title="bbox 947 1786 1732 1855; baseline 0.01 -16"><span class='ocrx_word' id='word_1_560' title='bbox 947 1786 1027 1840; x_wconf 90' lang='lat' dir='ltr'>etiam</span> <span class='ocrx_word' id='word_1_561' title='bbox 1042 1800 1123 1842; x_wconf 87' lang='lat' dir='ltr'>carne</span> <span class='ocrx_word' id='word_1_562' title='bbox 1136 1787 1161 1841; x_wconf 93' lang='lat' dir='ltr'>in</span> <span class='ocrx_word' id='word_1_563' title='bbox 1176 1787 1270 1842; x_wconf 89' lang='lat' dir='ltr'>melius</span> <span class='ocrx_word' id='word_1_564' title='bbox 1284 1788 1424 1843; x_wconf 89' lang='lat' dir='ltr'>innovatis.</span> <span class='ocrx_word' id='word_1_565' title='bbox 1441 1789 1515 1855; x_wconf 77' lang='lat' dir='ltr'>Quod</span> <span class='ocrx_word' id='word_1_566' title='bbox 1529 1799 1615 1845; x_wconf 87' lang='lat' dir='ltr'>autem</span> <span class='ocrx_word' id='word_1_567' title='bbox 1629 1792 1676 1855; x_wconf 89' lang='lat' dir='ltr'>ait,</span> <span class='ocrx_word' id='word_1_568' title='bbox 1697 1791 1732 1847; x_wconf 75' lang='lat' dir='ltr'>Et</span> 
     </span>
     <span class='ocr_line' id='line_1_79' title="bbox 946 1879 1730 1953; baseline 0.014 -25"><span class='ocrx_word' id='word_1_569' title='bbox 946 1879 1077 1947; x_wconf 79' lang='lat' dir='ltr'>nturejum</span> <span class='ocrx_word' id='word_1_570' title='bbox 1091 1889 1184 1933; x_wconf 79' lang='lat' dir='ltr'>nonest</span> <span class='ocrx_word' id='word_1_571' title='bbox 1195 1895 1205 1934; x_wconf 91' lang='lat'><em>:</em></span> <span class='ocrx_word' id='word_1_572' title='bbox 1217 1889 1303 1933; x_wconf 93' lang='lat' dir='ltr'>utrum</span> <span class='ocrx_word' id='word_1_573' title='bbox 1314 1880 1429 1935; x_wconf 87' lang='lat' dir='ltr'>maximo</span> <span class='ocrx_word' id='word_1_574' title='bbox 1440 1881 1484 1935; x_wconf 92' lang='lat' dir='ltr'>iiin</span> <span class='ocrx_word' id='word_1_575' title='bbox 1496 1881 1591 1937; x_wconf 86' lang='lat' dir='ltr'>ardore</span> <span class='ocrx_word' id='word_1_576' title='bbox 1604 1884 1730 1953; x_wconf 86' lang='lat' dir='ltr'>siccetur,</span> 
     </span>
     <span class='ocr_line' id='line_1_80' title="bbox 945 1968 1730 2039; baseline 0.014 -18"><span class='ocrx_word' id='word_1_577' title='bbox 945 1982 978 2021; x_wconf 88' lang='lat' dir='ltr'>an</span> <span class='ocrx_word' id='word_1_578' title='bbox 995 1977 1022 2023; x_wconf 91' lang='lat' dir='ltr'>et</span> <span class='ocrx_word' id='word_1_579' title='bbox 1044 1968 1130 2038; x_wconf 91' lang='lat' dir='ltr'>ipsum</span> <span class='ocrx_word' id='word_1_580' title='bbox 1149 1979 1267 2025; x_wconf 87' lang='lat' dir='ltr'>vertatur</span> <span class='ocrx_word' id='word_1_581' title='bbox 1283 1971 1308 2026; x_wconf 91' lang='lat' dir='ltr'>in</span> <span class='ocrx_word' id='word_1_582' title='bbox 1323 1971 1428 2039; x_wconf 90' lang='lat' dir='ltr'>melius,</span> <span class='ocrx_word' id='word_1_583' title='bbox 1445 1988 1496 2026; x_wconf 92' lang='lat' dir='ltr'>non</span> <span class='ocrx_word' id='word_1_584' title='bbox 1511 1973 1589 2029; x_wconf 81' lang='lat' dir='ltr'>facile</span> <span class='ocrx_word' id='word_1_585' title='bbox 1607 1974 1730 2032; x_wconf 80' lang='lat' dir='ltr'>dixerim.</span> 
     </span>
     <span class='ocr_line' id='line_1_81' title="bbox 945 2055 1731 2129; baseline 0.014 -19"><span class='ocrx_word' id='word_1_586' title='bbox 945 2055 1047 2112; x_wconf 81' lang='lat' dir='ltr'>Coeium</span> <span class='ocrx_word' id='word_1_587' title='bbox 1060 2060 1158 2129; x_wconf 90' lang='lat' dir='ltr'>qnippe</span> <span class='ocrx_word' id='word_1_588' title='bbox 1178 2075 1275 2114; x_wconf 92' lang='lat' dir='ltr'>novum</span> <span class='ocrx_word' id='word_1_589' title='bbox 1297 2070 1324 2115; x_wconf 92' lang='lat' dir='ltr'>et</span> <span class='ocrx_word' id='word_1_590' title='bbox 1336 2069 1435 2116; x_wconf 86' lang='lat' dir='ltr'>terram</span> <span class='ocrx_word' id='word_1_591' title='bbox 1448 2078 1542 2117; x_wconf 88' lang='lat' dir='ltr'>novam</span> <span class='ocrx_word' id='word_1_592' title='bbox 1564 2064 1677 2119; x_wconf 78' lang='lat' dir='ltr'>suturam</span> <span class='ocrx_word' id='word_1_593' title='bbox 1692 2067 1731 2122; x_wconf 87' lang='lat' dir='ltr'>le·</span> 
     </span>
     <span class='ocr_line' id='line_1_82' title="bbox 945 2147 1731 2227; baseline 0.02 -28"><span class='ocrx_word' id='word_1_594' title='bbox 945 2147 1031 2217; x_wconf 80' lang='lat' dir='ltr'>gimus</span> <span class='ocrx_word' id='word_1_595' title='bbox 1043 2165 1050 2202; x_wconf 84' lang='lat' dir='ltr'>t</span> <span class='ocrx_word' id='word_1_596' title='bbox 1064 2149 1098 2206; x_wconf 91' lang='lat' dir='ltr'>dc</span> <span class='ocrx_word' id='word_1_597' title='bbox 1112 2151 1177 2206; x_wconf 88' lang='lat' dir='ltr'>mari</span> <span class='ocrx_word' id='word_1_598' title='bbox 1192 2161 1280 2207; x_wconf 88' lang='lat' dir='ltr'>autem</span> <span class='ocrx_word' id='word_1_599' title='bbox 1294 2169 1363 2207; x_wconf 92' lang='lat' dir='ltr'>novo</span> <span class='ocrx_word' id='word_1_600' title='bbox 1385 2153 1485 2223; x_wconf 88' lang='lat' dir='ltr'>aliquid</span> <span class='ocrx_word' id='word_1_601' title='bbox 1509 2171 1552 2212; x_wconf 89' lang='lat' dir='ltr'>me</span> <span class='ocrx_word' id='word_1_602' title='bbox 1567 2158 1669 2227; x_wconf 80' lang='lat' dir='ltr'>uspiam</span> <span class='ocrx_word' id='word_1_603' title='bbox 1691 2159 1731 2215; x_wconf 86' lang='lat' dir='ltr'>le·</span> 
     </span>
     <span class='ocr_line' id='line_1_83' title="bbox 945 2237 1731 2311; baseline 0.019 -22"><span class='ocrx_word' id='word_1_604' title='bbox 945 2237 1026 2305; x_wconf 82' lang='lat' dir='ltr'>gisse,</span> <span class='ocrx_word' id='word_1_605' title='bbox 1040 2253 1092 2293; x_wconf 93' lang='lat' dir='ltr'>nou</span> <span class='ocrx_word' id='word_1_606' title='bbox 1115 2240 1223 2306; x_wconf 88' lang='lat' dir='ltr'>recolo;</span> <span class='ocrx_word' id='word_1_607' title='bbox 1239 2241 1290 2295; x_wconf 89' lang='lat' dir='ltr'>nisi</span> <span class='ocrx_word' id='word_1_608' title='bbox 1308 2242 1379 2311; x_wconf 91' lang='lat' dir='ltr'>quod</span> <span class='ocrx_word' id='word_1_609' title='bbox 1393 2242 1419 2296; x_wconf 91' lang='lat' dir='ltr'>iu</span> <span class='ocrx_word' id='word_1_610' title='bbox 1436 2242 1486 2298; x_wconf 91' lang='lat' dir='ltr'>lmc</span> <span class='ocrx_word' id='word_1_611' title='bbox 1499 2244 1592 2300; x_wconf 90' lang='lat' dir='ltr'>eodem</span> <span class='ocrx_word' id='word_1_612' title='bbox 1607 2247 1674 2302; x_wconf 89' lang='lat' dir='ltr'>libro</span> <span class='ocrx_word' id='word_1_613' title='bbox 1687 2263 1731 2304; x_wconf 91' lang='lat' dir='ltr'>re-</span> 
     </span>
     <span class='ocr_line' id='line_1_84' title="bbox 946 2327 1730 2408; baseline 0.017 -30"><span class='ocrx_word' id='word_1_614' title='bbox 946 2327 1179 2398; x_wconf 87' lang='lat' dir='ltr'>peritur,tcnqnunt</span> <span class='ocrx_word' id='word_1_615' title='bbox 1187 2347 1255 2384; x_wconf 77' lang='lat' dir='ltr'>neure</span> <span class='ocrx_word' id='word_1_616' title='bbox 1267 2331 1370 2408; x_wconf 74' lang='lat' dir='ltr'>vitreum</span> <span class='ocrx_word' id='word_1_617' title='bbox 1381 2333 1461 2386; x_wconf 86' lang='lat' dir='ltr'>sinriic</span> <span class='ocrx_word' id='word_1_618' title='bbox 1470 2335 1587 2405; x_wconf 74' lang='lat' dir='ltr'>crystalio</span> <span class='ocrx_word' id='word_1_619' title='bbox 1595 2335 1683 2408; x_wconf 79' lang='lat' dir='ltr'>(Aper.</span> <span class='ocrx_word' id='word_1_620' title='bbox 1692 2352 1730 2401; x_wconf 88' lang='lat' dir='ltr'>tv,</span> 
     </span>
     <span class='ocr_line' id='line_1_85' title="bbox 945 2417 1731 2496; baseline 0.014 -27"><span class='ocrx_word' id='word_1_621' title='bbox 945 2418 978 2481; x_wconf 81' lang='lat' dir='ltr'>tt;</span> <span class='ocrx_word' id='word_1_622' title='bbox 994 2432 1038 2484; x_wconf 85' lang='lat' dir='ltr'>xv,</span> <span class='ocrx_word' id='word_1_623' title='bbox 1053 2417 1093 2484; x_wconf 73' lang='grc' dir='ltr'>Ξ).</span> <span class='ocrx_word' id='word_1_624' title='bbox 1107 2418 1158 2476; x_wconf 88' lang='lat' dir='ltr'>Sed</span> <span class='ocrx_word' id='word_1_625' title='bbox 1173 2430 1234 2476; x_wconf 90' lang='lat' dir='ltr'>lunc</span> <span class='ocrx_word' id='word_1_626' title='bbox 1256 2437 1308 2477; x_wconf 81' lang='lat' dir='ltr'>raon</span> <span class='ocrx_word' id='word_1_627' title='bbox 1323 2422 1356 2478; x_wconf 86' lang='lat' dir='ltr'>de</span> <span class='ocrx_word' id='word_1_628' title='bbox 1371 2426 1421 2478; x_wconf 85' lang='lat' dir='ltr'>isin</span> <span class='ocrx_word' id='word_1_629' title='bbox 1433 2423 1485 2478; x_wconf 85' lang='lat' dir='ltr'>fine</span> <span class='ocrx_word' id='word_1_630' title='bbox 1499 2426 1590 2480; x_wconf 72' lang='lat' dir='ltr'>saeculi</span> <span class='ocrx_word' id='word_1_631' title='bbox 1605 2427 1731 2496; x_wconf 87' lang='lat' dir='ltr'>loqueba·</span> 
     </span>
     <span class='ocr_line' id='line_1_86' title="bbox 945 2515 1732 2592; baseline 0.019 -31"><span class='ocrx_word' id='word_1_632' title='bbox 945 2516 1005 2562; x_wconf 91' lang='lat' dir='ltr'>tur:</span> <span class='ocrx_word' id='word_1_633' title='bbox 1020 2525 1071 2565; x_wconf 90' lang='lat' dir='ltr'>nec</span> <span class='ocrx_word' id='word_1_634' title='bbox 1086 2515 1193 2582; x_wconf 90' lang='lat' dir='ltr'>proprie</span> <span class='ocrx_word' id='word_1_635' title='bbox 1217 2515 1315 2569; x_wconf 84' lang='lat' dir='ltr'>dixisse</span> <span class='ocrx_word' id='word_1_636' title='bbox 1330 2516 1436 2572; x_wconf 90' lang='lat' dir='ltr'>videtur</span> <span class='ocrx_word' id='word_1_637' title='bbox 1454 2533 1537 2584; x_wconf 88' lang='lat' dir='ltr'>mare,</span> <span class='ocrx_word' id='word_1_638' title='bbox 1553 2519 1599 2573; x_wconf 90' lang='lat' dir='ltr'>scd</span> <span class='ocrx_word' id='word_1_639' title='bbox 1612 2528 1732 2592; x_wconf 85' lang='lat' dir='ltr'>tunqvunt</span> 
     </span>
     <span class='ocr_line' id='line_1_87' title="bbox 944 2601 1732 2679; baseline 0.02 -29"><span class='ocrx_word' id='word_1_640' title='bbox 944 2615 1022 2654; x_wconf 86' lang='lat' dir='ltr'>mure.</span> <span class='ocrx_word' id='word_1_641' title='bbox 1033 2601 1157 2668; x_wconf 84' lang='lat' dir='ltr'>eramvis</span> <span class='ocrx_word' id='word_1_642' title='bbox 1166 2613 1194 2658; x_wconf 90' lang='lat' dir='ltr'>et</span> <span class='ocrx_word' id='word_1_643' title='bbox 1208 2621 1288 2671; x_wconf 91' lang='lat' dir='ltr'>nunc,</span> <span class='ocrx_word' id='word_1_644' title='bbox 1303 2605 1372 2660; x_wconf 90' lang='lat' dir='ltr'>sicut</span> <span class='ocrx_word' id='word_1_645' title='bbox 1385 2617 1456 2661; x_wconf 86' lang='lat' dir='ltr'>arnat</span> <span class='ocrx_word' id='word_1_646' title='bbox 1469 2608 1621 2679; x_wconf 86' lang='lat' dir='ltr'>prophetica</span> <span class='ocrx_word' id='word_1_647' title='bbox 1635 2611 1732 2668; x_wconf 88' lang='lat' dir='ltr'>locutio</span> 
     </span>
     <span class='ocr_line' id='line_1_88' title="bbox 947 2690 1732 2770; baseline 0.025 -29"><span class='ocrx_word' id='word_1_648' title='bbox 947 2690 1061 2758; x_wconf 91' lang='lat' dir='ltr'>propriis</span> <span class='ocrx_word' id='word_1_649' title='bbox 1071 2693 1159 2748; x_wconf 88' lang='lat' dir='ltr'>verbis</span> <span class='ocrx_word' id='word_1_650' title='bbox 1169 2696 1292 2750; x_wconf 81' lang='lat' dir='ltr'>tmnslatv</span> <span class='ocrx_word' id='word_1_651' title='bbox 1309 2697 1432 2765; x_wconf 87' lang='lat' dir='ltr'>miseere,</span> <span class='ocrx_word' id='word_1_652' title='bbox 1443 2714 1474 2752; x_wconf 89' lang='lat' dir='ltr'>ac.</span> <span class='ocrx_word' id='word_1_653' title='bbox 1487 2699 1526 2753; x_wconf 90' lang='lat' dir='ltr'>sic</span> <span class='ocrx_word' id='word_1_654' title='bbox 1537 2701 1732 2770; x_wconf 86' lang='lat' dir='ltr'>quodammodo</span> 
     </span>
     <span class='ocr_line' id='line_1_89' title="bbox 944 2781 1732 2856; baseline 0.024 -25"><span class='ocrx_word' id='word_1_655' title='bbox 944 2781 1032 2837; x_wconf 87' lang='lat' dir='ltr'>velare</span> <span class='ocrx_word' id='word_1_656' title='bbox 1050 2784 1121 2852; x_wconf 93' lang='lat' dir='ltr'>quod</span> <span class='ocrx_word' id='word_1_657' title='bbox 1143 2785 1251 2851; x_wconf 90' lang='lat' dir='ltr'>dicitnr,</span> <span class='ocrx_word' id='word_1_658' title='bbox 1268 2789 1354 2856; x_wconf 87' lang='lat' dir='ltr'>potuit</span> <span class='ocrx_word' id='word_1_659' title='bbox 1373 2787 1407 2842; x_wconf 87' lang='lat' dir='ltr'>de</span> <span class='ocrx_word' id='word_1_660' title='bbox 1421 2789 1468 2843; x_wconf 91' lang='lat' dir='ltr'>illo</span> <span class='ocrx_word' id='word_1_661' title='bbox 1492 2790 1559 2844; x_wconf 84' lang='lat' dir='ltr'>nturi</span> <span class='ocrx_word' id='word_1_662' title='bbox 1573 2791 1673 2856; x_wconf 87' lang='lat' dir='ltr'>dicere,</span> <span class='ocrx_word' id='word_1_663' title='bbox 1697 2790 1732 2851; x_wconf 73' lang='lat' dir='ltr'>Et</span> 
     </span>
     <span class='ocr_line' id='line_1_90' title="bbox 943 2874 1732 2948; baseline 0.02 -26"><span class='ocrx_word' id='word_1_664' title='bbox 943 2886 1013 2926; x_wconf 86' lang='lat' dir='ltr'>orme</span> <span class='ocrx_word' id='word_1_665' title='bbox 1020 2874 1079 2944; x_wconf 80' lang='lat' dir='ltr'>jum</span> <span class='ocrx_word' id='word_1_666' title='bbox 1098 2892 1149 2931; x_wconf 91' lang='lat' dir='ltr'>non</span> <span class='ocrx_word' id='word_1_667' title='bbox 1162 2886 1216 2942; x_wconf 83' lang='lat' dir='ltr'>ert;</span> <span class='ocrx_word' id='word_1_668' title='bbox 1231 2877 1264 2933; x_wconf 91' lang='lat' dir='ltr'>de</span> <span class='ocrx_word' id='word_1_669' title='bbox 1277 2893 1330 2948; x_wconf 93' lang='lat' dir='ltr'>quo</span> <span class='ocrx_word' id='word_1_670' title='bbox 1343 2893 1422 2948; x_wconf 89' lang='lat' dir='ltr'>supra</span> <span class='ocrx_word' id='word_1_671' title='bbox 1444 2879 1557 2948; x_wconf 88' lang='lat' dir='ltr'>dixerat,</span> <span class='ocrx_word' id='word_1_672' title='bbox 1572 2880 1605 2935; x_wconf 85' lang='lat' dir='ltr'>Et</span> <span class='ocrx_word' id='word_1_673' title='bbox 1621 2880 1732 2938; x_wconf 75' lang='lat' dir='ltr'>collibuit</span> 
     </span>
    </p>
   </div>
   <div class='ocr_carea' id='block_1_9' title="bbox 943 2968 1808 3038">
    <p class='ocr_par' dir='ltr' id='par_1_9' title="bbox 943 2968 1808 3038">
     <span class='ocr_line' id='line_1_91' title="bbox 943 2968 1808 3038; baseline 0.02 -23"><span class='ocrx_word' id='word_1_674' title='bbox 943 2968 1199 3038; x_wconf 57' lang='lat' dir='ltr'>mammoneamque</span> <span class='ocrx_word' id='word_1_675' title='bbox 1212 2968 1238 3022; x_wconf 91' lang='lat' dir='ltr'>in</span> <span class='ocrx_word' id='word_1_676' title='bbox 1250 2985 1279 3021; x_wconf 90' lang='lat' dir='ltr'>eo</span> <span class='ocrx_word' id='word_1_677' title='bbox 1293 2978 1375 3022; x_wconf 85' lang='lat' dir='ltr'>erent.</span> <span class='ocrx_word' id='word_1_678' title='bbox 1386 2968 1445 3024; x_wconf 77' lang='lat' dir='ltr'>iam</span> <span class='ocrx_word' id='word_1_679' title='bbox 1459 2971 1530 3025; x_wconf 86' lang='lat' dir='ltr'>enirn</span> <span class='ocrx_word' id='word_1_680' title='bbox 1542 2979 1604 3027; x_wconf 89' lang='lat' dir='ltr'>tunc</span> <span class='ocrx_word' id='word_1_681' title='bbox 1618 2973 1733 3031; x_wconf 82' lang='lat' dir='ltr'>nouerit</span> <span class='ocrx_word' id='word_1_682' title='bbox 1796 2980 1808 2991; x_wconf 82' lang='grc'><strong>“</strong></span> 
     </span>
    </p>
   </div>
   <div class='ocr_carea' id='block_1_10' title="bbox 942 3047 1732 3222">
    <p class='ocr_par' dir='ltr' id='par_1_10' title="bbox 942 3047 1732 3222">
     <span class='ocr_line' id='line_1_92' title="bbox 942 3047 1732 3135; baseline 0.02 -29"><span class='ocrx_word' id='word_1_683' title='bbox 942 3047 994 3106; x_wconf 91' lang='lat' dir='ltr'>bne</span> <span class='ocrx_word' id='word_1_684' title='bbox 1015 3057 1140 3111; x_wconf 86' lang='lat' dir='ltr'>saeculum</span> <span class='ocrx_word' id='word_1_685' title='bbox 1155 3057 1207 3112; x_wconf 89' lang='lat' dir='ltr'>vita</span> <span class='ocrx_word' id='word_1_686' title='bbox 1223 3058 1375 3114; x_wconf 86' lang='lat' dir='ltr'>mortalium</span> <span class='ocrx_word' id='word_1_687' title='bbox 1390 3059 1569 3116; x_wconf 89' lang='lat' dir='ltr'>turbulentum</span> <span class='ocrx_word' id='word_1_688' title='bbox 1584 3072 1612 3118; x_wconf 90' lang='lat' dir='ltr'>et</span> <span class='ocrx_word' id='word_1_689' title='bbox 1625 3063 1732 3135; x_wconf 85' lang='lat' dir='ltr'>procel·</span> 
     </span>
     <span class='ocr_line' id='line_1_93' title="bbox 944 3144 1482 3222; baseline 0.011 -24"><span class='ocrx_word' id='word_1_690' title='bbox 944 3144 1040 3210; x_wconf 88' lang='lat' dir='ltr'>losum,</span> <span class='ocrx_word' id='word_1_691' title='bbox 1056 3147 1125 3218; x_wconf 91' lang='lat' dir='ltr'>quod</span> <span class='ocrx_word' id='word_1_692' title='bbox 1139 3149 1219 3203; x_wconf 82' lang='lat' dir='ltr'>triaris</span> <span class='ocrx_word' id='word_1_693' title='bbox 1233 3149 1341 3205; x_wconf 89' lang='lat' dir='ltr'>nomine</span> <span class='ocrx_word' id='word_1_694' title='bbox 1351 3150 1482 3222; x_wconf 78' lang='lat' dir='ltr'>figuravit.</span> 
     </span>
    </p>
   </div>
   <div class='ocr_carea' id='block_1_11' title="bbox 941 3255 1730 3420">
    <p class='ocr_par' dir='ltr' id='par_1_11' title="bbox 941 3255 1730 3420">
     <span class='ocr_line' id='line_1_94' title="bbox 941 3255 1730 3336; baseline 0.011 -25"><span class='ocrx_word' id='word_1_695' title='bbox 941 3255 1054 3313; x_wconf 76' lang='lat' dir='ltr'>carin</span> <span class='ocrx_word' id='word_1_696' title='bbox 1078 3258 1158 3314; x_wconf 84' lang='lat' dir='ltr'>xvii.</span> <span class='ocrx_word' id='word_1_697' title='bbox 1174 3289 1210 3300; x_wconf 95' lang='lat'>-</span> <span class='ocrx_word' id='word_1_698' title='bbox 1224 3258 1263 3315; x_wconf 86' lang='lat' dir='ltr'>De</span> <span class='ocrx_word' id='word_1_699' title='bbox 1277 3260 1398 3316; x_wconf 72' lang='lat' dir='ltr'>Ecclesiae</span> <span class='ocrx_word' id='word_1_700' title='bbox 1413 3261 1597 3332; x_wconf 67' lang='lat' dir='ltr'>qiorificctione</span> <span class='ocrx_word' id='word_1_701' title='bbox 1610 3263 1665 3318; x_wconf 85' lang='lat' dir='ltr'>rinc</span> <span class='ocrx_word' id='word_1_702' title='bbox 1678 3263 1730 3336; x_wconf 72' lang='lat' dir='ltr'>fine</span> 
     </span>
     <span class='ocr_line' id='line_1_95' title="bbox 1242 3351 1421 3420; baseline 0.006 -15"><span class='ocrx_word' id='word_1_703' title='bbox 1242 3360 1298 3420; x_wconf 80' lang='lat' dir='ltr'>port</span> <span class='ocrx_word' id='word_1_704' title='bbox 1311 3352 1386 3420; x_wconf 76' lang='lat' dir='ltr'>finem</span> <span class='ocrx_word' id='word_1_705' title='bbox 1402 3351 1421 3406; x_wconf 82' lang='lat'>¹.</span> 
     </span>
    </p>
   </div>
   <div class='ocr_carea' id='block_1_12' title="bbox 940 3462 1731 5439">
    <p class='ocr_par' dir='ltr' id='par_1_12' title="bbox 940 3462 1731 5439">
     <span class='ocr_line' id='line_1_96' title="bbox 982 3462 1731 3534; baseline 0.004 -16"><span class='ocrx_word' id='word_1_706' title='bbox 982 3463 1161 3530; x_wconf 71' lang='lat' dir='ltr'>statumen,</span> <span class='ocrx_word' id='word_1_707' title='bbox 1178 3462 1273 3533; x_wconf 87' lang='lat' dir='ltr'>inquit,</span> <span class='ocrx_word' id='word_1_708' title='bbox 1288 3480 1405 3534; x_wconf 84' lang='lat' dir='ltr'>mnqnum</span> <span class='ocrx_word' id='word_1_709' title='bbox 1423 3462 1565 3517; x_wconf 78' lang='lat' dir='ltr'>ierusalem</span> <span class='ocrx_word' id='word_1_710' title='bbox 1578 3480 1668 3519; x_wconf 83' lang='lat' dir='ltr'>nonem</span> <span class='ocrx_word' id='word_1_711' title='bbox 1679 3465 1731 3522; x_wconf 84' lang='lat' dir='ltr'>nidi</span> 
     </span>
     <span class='ocr_line' id='line_1_97' title="bbox 942 3553 1731 3627; baseline -0.001 -13"><span class='ocrx_word' id='word_1_712' title='bbox 942 3559 1130 3614; x_wconf 75' lang='lat' dir='ltr'>demmdcntcnt</span> <span class='ocrx_word' id='word_1_713' title='bbox 1144 3556 1175 3611; x_wconf 86' lang='lat' dir='ltr'>de</span> <span class='ocrx_word' id='word_1_714' title='bbox 1187 3557 1249 3611; x_wconf 85' lang='lat' dir='ltr'>coelo</span> <span class='ocrx_word' id='word_1_715' title='bbox 1260 3573 1277 3609; x_wconf 86' lang='grc' dir='ltr'><em>α</em></span> <span class='ocrx_word' id='word_1_716' title='bbox 1287 3553 1351 3622; x_wconf 86' lang='lat' dir='ltr'>Dee,</span> <span class='ocrx_word' id='word_1_717' title='bbox 1361 3565 1483 3626; x_wconf 82' lang='lat' dir='ltr'>aptatam,</span> <span class='ocrx_word' id='word_1_718' title='bbox 1498 3556 1570 3627; x_wconf 83' lang='lat' dir='ltr'>qumi</span> <span class='ocrx_word' id='word_1_719' title='bbox 1581 3572 1671 3611; x_wconf 84' lang='lat' dir='ltr'>norum</span> <span class='ocrx_word' id='word_1_720' title='bbox 1679 3573 1731 3613; x_wconf 84' lang='lat' dir='ltr'>nat·</span> 
     </span>
     <span class='ocr_line' id='line_1_98' title="bbox 943 3647 1731 3722; baseline -0.003 -17"><span class='ocrx_word' id='word_1_721' title='bbox 943 3662 1012 3722; x_wconf 84' lang='lat' dir='ltr'>ptum</span> <span class='ocrx_word' id='word_1_722' title='bbox 1026 3659 1142 3705; x_wconf 83' lang='lat' dir='ltr'>ornatum</span> <span class='ocrx_word' id='word_1_723' title='bbox 1153 3649 1243 3703; x_wconf 84' lang='lat' dir='ltr'>marito</span> <span class='ocrx_word' id='word_1_724' title='bbox 1253 3664 1312 3719; x_wconf 80' lang='lat' dir='ltr'>rao.</span> <span class='ocrx_word' id='word_1_725' title='bbox 1327 3647 1453 3701; x_wconf 78' lang='lat' dir='ltr'>Etcndinl</span> <span class='ocrx_word' id='word_1_726' title='bbox 1467 3662 1551 3701; x_wconf 86' lang='lat' dir='ltr'>vocent</span> <span class='ocrx_word' id='word_1_727' title='bbox 1568 3664 1687 3719; x_wconf 80' lang='lat' dir='ltr'>meqnam</span> <span class='ocrx_word' id='word_1_728' title='bbox 1698 3648 1731 3704; x_wconf 79' lang='lat' dir='ltr'>ric</span> 
     </span>
     <span class='ocr_line' id='line_1_99' title="bbox 942 3735 1731 3807; baseline -0.001 -11"><span class='ocrx_word' id='word_1_729' title='bbox 942 3743 1033 3796; x_wconf 87' lang='lat' dir='ltr'>litrono</span> <span class='ocrx_word' id='word_1_730' title='bbox 1044 3743 1175 3807; x_wconf 86' lang='lat' dir='ltr'>dicentem,</span> <span class='ocrx_word' id='word_1_731' title='bbox 1192 3738 1258 3794; x_wconf 83' lang='lat' dir='ltr'>Ecce</span> <span class='ocrx_word' id='word_1_732' title='bbox 1272 3737 1460 3793; x_wconf 72' lang='lat' dir='ltr'>tobnnucnium</span> <span class='ocrx_word' id='word_1_733' title='bbox 1479 3735 1528 3791; x_wconf 86' lang='lat' dir='ltr'>Dei</span> <span class='ocrx_word' id='word_1_734' title='bbox 1552 3754 1609 3791; x_wconf 90' lang='lat' dir='ltr'>cunt</span> <span class='ocrx_word' id='word_1_735' title='bbox 1622 3736 1731 3795; x_wconf 79' lang='lat' dir='ltr'>nomni-</span> 
     </span>
     <span class='ocr_line' id='line_1_100' title="bbox 941 3827 1730 3901; baseline 0 -15"><span class='ocrx_word' id='word_1_736' title='bbox 941 3833 998 3894; x_wconf 78' lang='lat' dir='ltr'>lux,</span> <span class='ocrx_word' id='word_1_737' title='bbox 1012 3841 1035 3885; x_wconf 88' lang='lat' dir='ltr'>et</span> <span class='ocrx_word' id='word_1_738' title='bbox 1046 3830 1167 3886; x_wconf 84' lang='lat' dir='ltr'>ltubitubit</span> <span class='ocrx_word' id='word_1_739' title='bbox 1186 3846 1242 3884; x_wconf 84' lang='lat' dir='ltr'>cnm</span> <span class='ocrx_word' id='word_1_740' title='bbox 1256 3829 1302 3893; x_wconf 87' lang='lat' dir='ltr'>eir,</span> <span class='ocrx_word' id='word_1_741' title='bbox 1317 3837 1340 3883; x_wconf 91' lang='lat' dir='ltr'>ct</span> <span class='ocrx_word' id='word_1_742' title='bbox 1356 3827 1406 3896; x_wconf 81' lang='lat' dir='ltr'>ipsi</span> <span class='ocrx_word' id='word_1_743' title='bbox 1417 3837 1491 3882; x_wconf 86' lang='lat' dir='ltr'>erum</span> <span class='ocrx_word' id='word_1_744' title='bbox 1503 3828 1612 3900; x_wconf 79' lang='lat' dir='ltr'>populus</span> <span class='ocrx_word' id='word_1_745' title='bbox 1625 3830 1688 3901; x_wconf 71' lang='lat' dir='ltr'>ejus,</span> <span class='ocrx_word' id='word_1_746' title='bbox 1706 3837 1730 3886; x_wconf 79' lang='lat' dir='ltr'>el</span> 
     </span>
     <span class='ocr_line' id='line_1_101' title="bbox 941 3915 1729 3992; baseline -0.004 -17"><span class='ocrx_word' id='word_1_747' title='bbox 941 3923 995 3992; x_wconf 86' lang='lat' dir='ltr'>ipse</span> <span class='ocrx_word' id='word_1_748' title='bbox 1006 3920 1073 3975; x_wconf 79' lang='lat' dir='ltr'>ilettx</span> <span class='ocrx_word' id='word_1_749' title='bbox 1083 3922 1129 3975; x_wconf 86' lang='lat' dir='ltr'>erit</span> <span class='ocrx_word' id='word_1_750' title='bbox 1139 3937 1197 3974; x_wconf 85' lang='lat' dir='ltr'>cunt</span> <span class='ocrx_word' id='word_1_751' title='bbox 1208 3920 1252 3974; x_wconf 83' lang='lat' dir='ltr'>eia.</span> <span class='ocrx_word' id='word_1_752' title='bbox 1264 3919 1298 3972; x_wconf 80' lang='lat' dir='ltr'>et</span> <span class='ocrx_word' id='word_1_753' title='bbox 1318 3920 1440 3988; x_wconf 81' lang='lat' dir='ltr'>abaterqet</span> <span class='ocrx_word' id='word_1_754' title='bbox 1453 3915 1522 3972; x_wconf 78' lang='lat' dir='ltr'>Deus</span> <span class='ocrx_word' id='word_1_755' title='bbox 1535 3935 1632 3972; x_wconf 87' lang='lat' dir='ltr'>onrnem</span> <span class='ocrx_word' id='word_1_756' title='bbox 1643 3920 1729 3991; x_wconf 66' lang='lat' dir='ltr'>innn-</span> 
     </span>
     <span class='ocr_line' id='line_1_102' title="bbox 942 4010 1730 4079; baseline -0.003 -13"><span class='ocrx_word' id='word_1_757' title='bbox 942 4029 1008 4067; x_wconf 85' lang='lat' dir='ltr'>nram</span> <span class='ocrx_word' id='word_1_758' title='bbox 1022 4012 1053 4066; x_wconf 79' lang='lat' dir='ltr'>ab</span> <span class='ocrx_word' id='word_1_759' title='bbox 1067 4012 1146 4066; x_wconf 83' lang='lat' dir='ltr'>oculis</span> <span class='ocrx_word' id='word_1_760' title='bbox 1158 4027 1245 4065; x_wconf 81' lang='lat' dir='ltr'>eoram</span> <span class='ocrx_word' id='word_1_761' title='bbox 1253 4027 1264 4076; x_wconf 93' lang='lat'>,·</span> <span class='ocrx_word' id='word_1_762' title='bbox 1276 4018 1299 4063; x_wconf 87' lang='lat' dir='ltr'>ct</span> <span class='ocrx_word' id='word_1_763' title='bbox 1312 4026 1380 4063; x_wconf 80' lang='lat' dir='ltr'>mors</span> <span class='ocrx_word' id='word_1_764' title='bbox 1388 4010 1444 4077; x_wconf 79' lang='lat' dir='ltr'>jum</span> <span class='ocrx_word' id='word_1_765' title='bbox 1459 4026 1509 4063; x_wconf 89' lang='lat' dir='ltr'>non</span> <span class='ocrx_word' id='word_1_766' title='bbox 1532 4010 1588 4072; x_wconf 88' lang='lat' dir='ltr'>crit,</span> <span class='ocrx_word' id='word_1_767' title='bbox 1600 4026 1678 4079; x_wconf 81' lang='lat' dir='ltr'>neque</span> <span class='ocrx_word' id='word_1_768' title='bbox 1689 4011 1730 4065; x_wconf 85' lang='lat' dir='ltr'>lat·</span> 
     </span>
     <span class='ocr_line' id='line_1_103' title="bbox 941 4098 1730 4173; baseline -0.001 -17"><span class='ocrx_word' id='word_1_769' title='bbox 941 4114 1006 4169; x_wconf 84' lang='lat' dir='ltr'>cina,</span> <span class='ocrx_word' id='word_1_770' title='bbox 1029 4117 1108 4172; x_wconf 78' lang='lat' dir='ltr'>neque</span> <span class='ocrx_word' id='word_1_771' title='bbox 1126 4101 1239 4164; x_wconf 85' lang='lat' dir='ltr'>clunxor,</span> <span class='ocrx_word' id='word_1_772' title='bbox 1262 4099 1307 4154; x_wconf 81' lang='lat' dir='ltr'>aed</span> <span class='ocrx_word' id='word_1_773' title='bbox 1325 4115 1369 4153; x_wconf 90' lang='lat' dir='ltr'>nee</span> <span class='ocrx_word' id='word_1_774' title='bbox 1388 4098 1461 4153; x_wconf 86' lang='lat' dir='ltr'>dolor</span> <span class='ocrx_word' id='word_1_775' title='bbox 1477 4099 1555 4166; x_wconf 80' lang='lat' dir='ltr'>itlius,</span> <span class='ocrx_word' id='word_1_776' title='bbox 1572 4101 1631 4169; x_wconf 87' lang='lat' dir='ltr'>quie</span> <span class='ocrx_word' id='word_1_777' title='bbox 1643 4100 1730 4173; x_wconf 79' lang='lat' dir='ltr'>priore</span> 
     </span>
     <span class='ocr_line' id='line_1_104' title="bbox 941 4189 1729 4259; baseline 0.003 -13"><span class='ocrx_word' id='word_1_778' title='bbox 941 4192 1065 4247; x_wconf 81' lang='lat' dir='ltr'>abierunt.</span> <span class='ocrx_word' id='word_1_779' title='bbox 1088 4191 1121 4245; x_wconf 80' lang='lat' dir='ltr'>Et</span> <span class='ocrx_word' id='word_1_780' title='bbox 1140 4190 1306 4245; x_wconf 79' lang='lat' dir='ltr'>dixitredem</span> <span class='ocrx_word' id='word_1_781' title='bbox 1323 4190 1350 4243; x_wconf 92' lang='lat' dir='ltr'>in</span> <span class='ocrx_word' id='word_1_782' title='bbox 1371 4190 1477 4255; x_wconf 84' lang='lat' dir='ltr'>tirrano,</span> <span class='ocrx_word' id='word_1_783' title='bbox 1500 4189 1566 4245; x_wconf 81' lang='lat' dir='ltr'>Ecce</span> <span class='ocrx_word' id='word_1_784' title='bbox 1585 4208 1649 4246; x_wconf 81' lang='lat' dir='ltr'>nonu</span> <span class='ocrx_word' id='word_1_785' title='bbox 1662 4191 1729 4259; x_wconf 74' lang='lat' dir='ltr'>[reio</span> 
     </span>
     <span class='ocr_line' id='line_1_105' title="bbox 942 4279 1728 4353; baseline 0.003 -16"><span class='ocrx_word' id='word_1_786' title='bbox 942 4284 1026 4338; x_wconf 85' lang='lat' dir='ltr'>omnio</span> <span class='ocrx_word' id='word_1_787' title='bbox 1040 4281 1096 4353; x_wconf 87' lang='lat' dir='ltr'>(ld.</span> <span class='ocrx_word' id='word_1_788' title='bbox 1112 4297 1168 4348; x_wconf 83' lang='lat' dir='ltr'>xxv,</span> <span class='ocrx_word' id='word_1_789' title='bbox 1178 4279 1250 4350; x_wconf 25' lang='lat'><strong>2¹5).</strong></span> <span class='ocrx_word' id='word_1_790' title='bbox 1266 4279 1304 4334; x_wconf 86' lang='lat' dir='ltr'>Ile</span> <span class='ocrx_word' id='word_1_791' title='bbox 1316 4280 1385 4336; x_wconf 88' lang='lat' dir='ltr'>coelo</span> <span class='ocrx_word' id='word_1_792' title='bbox 1397 4279 1560 4335; x_wconf 89' lang='lat' dir='ltr'>descendere</span> <span class='ocrx_word' id='word_1_793' title='bbox 1574 4280 1625 4337; x_wconf 87' lang='lat' dir='ltr'>ista</span> <span class='ocrx_word' id='word_1_794' title='bbox 1635 4282 1728 4339; x_wconf 82' lang='lat' dir='ltr'>civitas</span> 
     </span>
     <span class='ocr_line' id='line_1_106' title="bbox 941 4371 1726 4443; baseline 0 -15"><span class='ocrx_word' id='word_1_795' title='bbox 941 4373 1049 4439; x_wconf 87' lang='lat' dir='ltr'>dieitur,</span> <span class='ocrx_word' id='word_1_796' title='bbox 1065 4372 1189 4443; x_wconf 87' lang='lat' dir='ltr'>quoniam</span> <span class='ocrx_word' id='word_1_797' title='bbox 1212 4371 1329 4426; x_wconf 82' lang='lat' dir='ltr'>eoelestis</span> <span class='ocrx_word' id='word_1_798' title='bbox 1341 4381 1381 4426; x_wconf 90' lang='lat' dir='ltr'>est</span> <span class='ocrx_word' id='word_1_799' title='bbox 1394 4371 1487 4442; x_wconf 76' lang='lat' dir='ltr'>qratia,</span> <span class='ocrx_word' id='word_1_800' title='bbox 1507 4387 1559 4440; x_wconf 90' lang='lat' dir='ltr'>qua</span> <span class='ocrx_word' id='word_1_801' title='bbox 1576 4373 1644 4426; x_wconf 81' lang='lat' dir='ltr'>Deris</span> <span class='ocrx_word' id='word_1_802' title='bbox 1667 4387 1726 4428; x_wconf 88' lang='lat' dir='ltr'>eant</span> 
     </span>
     <span class='ocr_line' id='line_1_107' title="bbox 941 4461 1728 4533; baseline -0.005 -15"><span class='ocrx_word' id='word_1_803' title='bbox 941 4466 1013 4520; x_wconf 86' lang='lat' dir='ltr'>iecit.</span> <span class='ocrx_word' id='word_1_804' title='bbox 1022 4464 1133 4531; x_wconf 87' lang='lat' dir='ltr'>Propter</span> <span class='ocrx_word' id='word_1_805' title='bbox 1143 4462 1246 4533; x_wconf 84' lang='lat' dir='ltr'>quodsi</span> <span class='ocrx_word' id='word_1_806' title='bbox 1259 4463 1323 4517; x_wconf 91' lang='lat' dir='ltr'>dicit</span> <span class='ocrx_word' id='word_1_807' title='bbox 1335 4463 1414 4517; x_wconf 86' lang='lat' dir='ltr'>etium</span> <span class='ocrx_word' id='word_1_808' title='bbox 1426 4478 1475 4532; x_wconf 89' lang='lat' dir='ltr'>per</span> <span class='ocrx_word' id='word_1_809' title='bbox 1487 4461 1658 4532; x_wconf 85' lang='lat' dir='ltr'>isaiam,qu</span> <span class='ocrx_word' id='word_1_810' title='bbox 1671 4478 1728 4516; x_wconf 79' lang='lat' dir='ltr'>snm</span> 
     </span>
     <span class='ocr_line' id='line_1_108' title="bbox 942 4550 1727 4624; baseline -0.003 -16"><span class='ocrx_word' id='word_1_811' title='bbox 942 4555 1065 4609; x_wconf 77' lang='lat' dir='ltr'>Dominus</span> <span class='ocrx_word' id='word_1_812' title='bbox 1072 4553 1167 4623; x_wconf 73' lang='lat' dir='ltr'>[eciem</span> <span class='ocrx_word' id='word_1_813' title='bbox 1175 4562 1198 4606; x_wconf 93' lang='lat' dir='ltr'>te</span> <span class='ocrx_word' id='word_1_814' title='bbox 1206 4553 1242 4623; x_wconf 87' lang='lat' dir='ltr'>(u)</span> <span class='ocrx_word' id='word_1_815' title='bbox 1251 4551 1328 4624; x_wconf 81' lang='lat' dir='ltr'>(imi.</span> <span class='ocrx_word' id='word_1_816' title='bbox 1339 4568 1402 4617; x_wconf 82' lang='lat' dir='ltr'>xxv,</span> <span class='ocrx_word' id='word_1_817' title='bbox 1412 4551 1450 4623; x_wconf 89' lang='lat'>8).</span> <span class='ocrx_word' id='word_1_818' title='bbox 1462 4551 1533 4607; x_wconf 82' lang='lat' dir='ltr'>lltde</span> <span class='ocrx_word' id='word_1_819' title='bbox 1541 4551 1609 4605; x_wconf 90' lang='lat' dir='ltr'>coelo</span> <span class='ocrx_word' id='word_1_820' title='bbox 1619 4550 1727 4618; x_wconf 88' lang='lat' dir='ltr'>quidem</span> 
     </span>
     <span class='ocr_line' id='line_1_109' title="bbox 941 4642 1729 4714; baseline -0.003 -15"><span class='ocrx_word' id='word_1_821' title='bbox 941 4646 975 4700; x_wconf 90' lang='lat' dir='ltr'>ab</span> <span class='ocrx_word' id='word_1_822' title='bbox 985 4645 1060 4700; x_wconf 87' lang='lat' dir='ltr'>initio</span> <span class='ocrx_word' id='word_1_823' title='bbox 1071 4645 1111 4699; x_wconf 88' lang='lat' dir='ltr'>sui</span> <span class='ocrx_word' id='word_1_824' title='bbox 1125 4644 1275 4707; x_wconf 90' lang='lat' dir='ltr'>descendit,</span> <span class='ocrx_word' id='word_1_825' title='bbox 1290 4659 1323 4698; x_wconf 89' lang='lat' dir='ltr'>ex</span> <span class='ocrx_word' id='word_1_826' title='bbox 1338 4659 1391 4713; x_wconf 91' lang='lat' dir='ltr'>quo</span> <span class='ocrx_word' id='word_1_827' title='bbox 1403 4658 1451 4714; x_wconf 92' lang='lat' dir='ltr'>per</span> <span class='ocrx_word' id='word_1_828' title='bbox 1462 4642 1538 4711; x_wconf 82' lang='lat' dir='ltr'>liujus</span> <span class='ocrx_word' id='word_1_829' title='bbox 1553 4642 1643 4695; x_wconf 68' lang='lat' dir='ltr'>srectrii</span> <span class='ocrx_word' id='word_1_830' title='bbox 1660 4651 1729 4698; x_wconf 86' lang='lat' dir='ltr'>tem·</span> 
     </span>
     <span class='ocr_line' id='line_1_110' title="bbox 941 4733 1727 4807; baseline -0.004 -14"><span class='ocrx_word' id='word_1_831' title='bbox 941 4752 1001 4806; x_wconf 88' lang='lat' dir='ltr'>pus,</span> <span class='ocrx_word' id='word_1_832' title='bbox 1014 4737 1098 4807; x_wconf 77' lang='lat' dir='ltr'>gratia</span> <span class='ocrx_word' id='word_1_833' title='bbox 1114 4735 1162 4791; x_wconf 85' lang='lat' dir='ltr'>Ilei</span> <span class='ocrx_word' id='word_1_834' title='bbox 1177 4735 1292 4805; x_wconf 90' lang='lat' dir='ltr'>desuper</span> <span class='ocrx_word' id='word_1_835' title='bbox 1305 4735 1428 4790; x_wconf 88' lang='lat' dir='ltr'>veniente</span> <span class='ocrx_word' id='word_1_836' title='bbox 1441 4748 1487 4803; x_wconf 69' lang='lat' dir='ltr'>lter</span> <span class='ocrx_word' id='word_1_837' title='bbox 1501 4733 1634 4787; x_wconf 80' lang='lat' dir='ltr'>lavacrum</span> <span class='ocrx_word' id='word_1_838' title='bbox 1650 4747 1727 4804; x_wconf 71' lang='lat' dir='ltr'>rege-</span> 
     </span>
     <span class='ocr_line' id='line_1_111' title="bbox 941 4822 1727 4899; baseline -0.006 -14"><span class='ocrx_word' id='word_1_839' title='bbox 941 4829 1089 4885; x_wconf 89' lang='lat' dir='ltr'>nerationis</span> <span class='ocrx_word' id='word_1_840' title='bbox 1101 4829 1127 4884; x_wconf 92' lang='lat' dir='ltr'>in</span> <span class='ocrx_word' id='word_1_841' title='bbox 1138 4831 1148 4861; x_wconf 86' lang='lat'><strong>¹</strong></span> <span class='ocrx_word' id='word_1_842' title='bbox 1161 4827 1262 4899; x_wconf 87' lang='lat' dir='ltr'>Spiritu</span> <span class='ocrx_word' id='word_1_843' title='bbox 1276 4836 1370 4882; x_wconf 90' lang='lat' dir='ltr'>sancto</span> <span class='ocrx_word' id='word_1_844' title='bbox 1394 4826 1475 4880; x_wconf 88' lang='lat' dir='ltr'>misso</span> <span class='ocrx_word' id='word_1_845' title='bbox 1489 4825 1522 4879; x_wconf 89' lang='lat' dir='ltr'>de</span> <span class='ocrx_word' id='word_1_846' title='bbox 1534 4824 1604 4881; x_wconf 82' lang='lat' dir='ltr'>cutio</span> <span class='ocrx_word' id='word_1_847' title='bbox 1614 4822 1727 4880; x_wconf 87' lang='lat' dir='ltr'>subinde</span> 
     </span>
     <span class='ocr_line' id='line_1_112' title="bbox 940 4912 1726 4988; baseline -0.009 -13"><span class='ocrx_word' id='word_1_848' title='bbox 940 4922 1013 4976; x_wconf 84' lang='lat' dir='ltr'>cives</span> <span class='ocrx_word' id='word_1_849' title='bbox 1027 4921 1085 4988; x_wconf 83' lang='lat' dir='ltr'>ejus</span> <span class='ocrx_word' id='word_1_850' title='bbox 1103 4927 1269 4974; x_wconf 87' lang='lat' dir='ltr'>accrescunt.</span> <span class='ocrx_word' id='word_1_851' title='bbox 1296 4915 1348 4970; x_wconf 85' lang='lat' dir='ltr'>Sed</span> <span class='ocrx_word' id='word_1_852' title='bbox 1364 4930 1411 4982; x_wconf 87' lang='lat' dir='ltr'>per</span> <span class='ocrx_word' id='word_1_853' title='bbox 1429 4912 1558 4983; x_wconf 84' lang='lat' dir='ltr'>judicium</span> <span class='ocrx_word' id='word_1_854' title='bbox 1585 4913 1642 4980; x_wconf 85' lang='lat' dir='ltr'>bei,</span> <span class='ocrx_word' id='word_1_855' title='bbox 1655 4912 1726 4985; x_wconf 92' lang='lat' dir='ltr'>quod</span> 
     </span>
     <span class='ocr_line' id='line_1_113' title="bbox 941 5003 1724 5077; baseline -0.008 -11"><span class='ocrx_word' id='word_1_856' title='bbox 941 5012 993 5066; x_wconf 90' lang='lat' dir='ltr'>erit</span> <span class='ocrx_word' id='word_1_857' title='bbox 1012 5008 1187 5065; x_wconf 86' lang='lat' dir='ltr'>novissimum</span> <span class='ocrx_word' id='word_1_858' title='bbox 1210 5023 1257 5077; x_wconf 92' lang='lat' dir='ltr'>per</span> <span class='ocrx_word' id='word_1_859' title='bbox 1278 5006 1336 5076; x_wconf 81' lang='lat' dir='ltr'>ejus</span> <span class='ocrx_word' id='word_1_860' title='bbox 1357 5005 1453 5061; x_wconf 85' lang='lat' dir='ltr'>Filium</span> <span class='ocrx_word' id='word_1_861' title='bbox 1466 5004 1556 5059; x_wconf 89' lang='lat' dir='ltr'>lesum</span> <span class='ocrx_word' id='word_1_862' title='bbox 1577 5003 1724 5074; x_wconf 85' lang='lat' dir='ltr'>Cbristum,</span> 
     </span>
     <span class='ocr_line' id='line_1_114' title="bbox 941 5094 1727 5169; baseline -0.004 -15"><span class='ocrx_word' id='word_1_863' title='bbox 941 5110 1013 5154; x_wconf 87' lang='lat' dir='ltr'>tanta</span> <span class='ocrx_word' id='word_1_864' title='bbox 1024 5100 1080 5169; x_wconf 86' lang='lat' dir='ltr'>ejus</span> <span class='ocrx_word' id='word_1_865' title='bbox 1093 5109 1120 5153; x_wconf 94' lang='lat' dir='ltr'>et</span> <span class='ocrx_word' id='word_1_866' title='bbox 1138 5109 1191 5152; x_wconf 86' lang='lat' dir='ltr'>tam</span> <span class='ocrx_word' id='word_1_867' title='bbox 1206 5113 1273 5153; x_wconf 90' lang='lat' dir='ltr'>nova</span> <span class='ocrx_word' id='word_1_868' title='bbox 1284 5097 1317 5152; x_wconf 91' lang='lat' dir='ltr'>dc</span> <span class='ocrx_word' id='word_1_869' title='bbox 1333 5097 1379 5151; x_wconf 84' lang='lat' dir='ltr'>Dei</span> <span class='ocrx_word' id='word_1_870' title='bbox 1394 5110 1504 5150; x_wconf 88' lang='lat' dir='ltr'>munere</span> <span class='ocrx_word' id='word_1_871' title='bbox 1518 5094 1625 5150; x_wconf 76' lang='lat' dir='ltr'>claritas</span> <span class='ocrx_word' id='word_1_872' title='bbox 1644 5111 1727 5167; x_wconf 88' lang='lat' dir='ltr'>appa·</span> 
     </span>
     <span class='ocr_line' id='line_1_115' title="bbox 941 5185 1725 5257; baseline -0.008 -11"><span class='ocrx_word' id='word_1_873' title='bbox 941 5192 1019 5256; x_wconf 82' lang='lat' dir='ltr'>rabit,</span> <span class='ocrx_word' id='word_1_874' title='bbox 1040 5200 1068 5245; x_wconf 89' lang='lat' dir='ltr'>nt</span> <span class='ocrx_word' id='word_1_875' title='bbox 1090 5189 1161 5243; x_wconf 88' lang='lat' dir='ltr'>nulia</span> <span class='ocrx_word' id='word_1_876' title='bbox 1173 5197 1328 5243; x_wconf 85' lang='lat' dir='ltr'>remaneant</span> <span class='ocrx_word' id='word_1_877' title='bbox 1345 5185 1483 5240; x_wconf 88' lang='lat' dir='ltr'>vetustatis</span> <span class='ocrx_word' id='word_1_878' title='bbox 1498 5185 1606 5256; x_wconf 77' lang='lat' dir='ltr'>vestigia</span> <span class='ocrx_word' id='word_1_879' title='bbox 1623 5203 1630 5238; x_wconf 74' lang='grc' dir='ltr'><strong><em>ε</em></strong></span> <span class='ocrx_word' id='word_1_880' title='bbox 1645 5201 1725 5257; x_wconf 90' lang='lat' dir='ltr'>quau·</span> 
     </span>
     <span class='ocr_line' id='line_1_116' title="bbox 941 5276 1726 5352; baseline -0.005 -19"><span class='ocrx_word' id='word_1_881' title='bbox 941 5279 1082 5352; x_wconf 75' lang='lat' dir='ltr'>‹loquidem</span> <span class='ocrx_word' id='word_1_882' title='bbox 1107 5289 1135 5334; x_wconf 87' lang='lat' dir='ltr'>et</span> <span class='ocrx_word' id='word_1_883' title='bbox 1155 5293 1265 5348; x_wconf 89' lang='lat' dir='ltr'>corpora</span> <span class='ocrx_word' id='word_1_884' title='bbox 1284 5278 1317 5331; x_wconf 88' lang='lat' dir='ltr'>ad</span> <span class='ocrx_word' id='word_1_885' title='bbox 1339 5276 1563 5345; x_wconf 84' lang='lat' dir='ltr'>incorruptionem</span> <span class='ocrx_word' id='word_1_886' title='bbox 1583 5286 1661 5345; x_wconf 91' lang='lat' dir='ltr'>atque</span> <span class='ocrx_word' id='word_1_887' title='bbox 1676 5276 1726 5329; x_wconf 84' lang='lat' dir='ltr'>im·</span> 
     </span>
     <span class='ocr_line' id='line_1_117' title="bbox 941 5369 1726 5439; baseline -0.01 -9"><span class='ocrx_word' id='word_1_888' title='bbox 941 5374 1129 5431; x_wconf 86' lang='lat' dir='ltr'>mortalitatem</span> <span class='ocrx_word' id='word_1_889' title='bbox 1138 5387 1233 5426; x_wconf 87' lang='lat' dir='ltr'>novam</span> <span class='ocrx_word' id='word_1_890' title='bbox 1245 5386 1279 5425; x_wconf 89' lang='lat' dir='ltr'>ex</span> <span class='ocrx_word' id='word_1_891' title='bbox 1289 5378 1378 5425; x_wconf 89' lang='lat' dir='ltr'>vetere</span> <span class='ocrx_word' id='word_1_892' title='bbox 1388 5369 1558 5439; x_wconf 87' lang='lat' dir='ltr'>corruptione</span> <span class='ocrx_word' id='word_1_893' title='bbox 1567 5379 1646 5438; x_wconf 88' lang='lat' dir='ltr'>atque</span> <span class='ocrx_word' id='word_1_894' title='bbox 1657 5381 1726 5423; x_wconf 87' lang='lat' dir='ltr'>mor·</span> 
     </span>
    </p>
   </div>
   <div class='ocr_carea' id='block_1_13' title="bbox 942 5548 1728 5801">
    <p class='ocr_par' dir='ltr' id='par_1_13' title="bbox 973 5548 1424 5615">
     <span class='ocr_line' id='line_1_118' title="bbox 973 5548 1424 5615; baseline -0.022 -15"><span class='ocrx_word' id='word_1_895' title='bbox 973 5555 981 5585; x_wconf 84' lang='lat'><strong>¹</strong></span> <span class='ocrx_word' id='word_1_896' title='bbox 999 5558 1032 5600; x_wconf 82' lang='lat' dir='ltr'>tta</span> <span class='ocrx_word' id='word_1_897' title='bbox 1041 5557 1094 5600; x_wconf 81' lang='lat' dir='ltr'>uss.</span> <span class='ocrx_word' id='word_1_898' title='bbox 1106 5548 1165 5597; x_wconf 79' lang='lat' dir='ltr'>rxllti</span> <span class='ocrx_word' id='word_1_899' title='bbox 1175 5559 1245 5604; x_wconf 86' lang='lat' dir='ltr'>vero,</span> <span class='ocrx_word' id='word_1_900' title='bbox 1256 5549 1307 5609; x_wconf 82' lang='lat' dir='ltr'>pon</span> <span class='ocrx_word' id='word_1_901' title='bbox 1316 5549 1424 5615; x_wconf 78' lang='lat' dir='ltr'>mertem.</span> 
     </span>
    </p>

    <p class='ocr_par' dir='ltr' id='par_1_14' title="bbox 972 5608 1420 5672">
     <span class='ocr_line' id='line_1_119' title="bbox 972 5608 1420 5672; baseline -0.02 -11"><span class='ocrx_word' id='word_1_902' title='bbox 972 5617 982 5646; x_wconf 77' lang='lat'>²</span> <span class='ocrx_word' id='word_1_903' title='bbox 998 5611 1081 5662; x_wconf 85' lang='lat' dir='ltr'>rlures</span> <span class='ocrx_word' id='word_1_904' title='bbox 1092 5609 1245 5672; x_wconf 80' lang='lat' dir='ltr'>manuscnpn</span> <span class='ocrx_word' id='word_1_905' title='bbox 1255 5608 1375 5666; x_wconf 85' lang='lat' dir='ltr'>omitnrut,</span> <span class='ocrx_word' id='word_1_906' title='bbox 1385 5618 1420 5657; x_wconf 88' lang='lat' dir='ltr'>tn.</span> 
     </span>
    </p>

    <p class='ocr_par' dir='ltr' id='par_1_15' title="bbox 942 5667 1728 5801">
     <span class='ocr_line' id='line_1_120' title="bbox 973 5667 1728 5736; baseline -0.023 -12"><span class='ocrx_word' id='word_1_907' title='bbox 973 5676 1031 5736; x_wconf 66' lang='lat' dir='ltr'>(u)=</span> <span class='ocrx_word' id='word_1_908' title='bbox 1085 5679 1132 5722; x_wconf 87' lang='lat' dir='ltr'>rtur</span> <span class='ocrx_word' id='word_1_909' title='bbox 1151 5671 1282 5721; x_wconf 77' lang='lat' dir='ltr'>edinoncur</span> <span class='ocrx_word' id='word_1_910' title='bbox 1303 5667 1457 5732; x_wconf 78' lang='lat' dir='ltr'>septuaginta</span> <span class='ocrx_word' id='word_1_911' title='bbox 1477 5668 1655 5731; x_wconf 82' lang='lat' dir='ltr'>taterpretum,</span> <span class='ocrx_word' id='word_1_912' title='bbox 1671 5668 1728 5723; x_wconf 74' lang='lat' dir='ltr'>qun</span> 
     </span>
     <span class='ocr_line' id='line_1_121' title="bbox 942 5726 1687 5801; baseline -0.027 -13"><span class='ocrx_word' id='word_1_913' title='bbox 942 5748 1023 5801; x_wconf 66' lang='lat' dir='ltr'>graece</span> <span class='ocrx_word' id='word_1_914' title='bbox 1125 5726 1432 5794; x_wconf 74' lang='lat' dir='ltr'>onnen5uotvutgxu</span> <span class='ocrx_word' id='word_1_915' title='bbox 1442 5726 1525 5784; x_wconf 80' lang='lat' dir='ltr'>buna,</span> <span class='ocrx_word' id='word_1_916' title='bbox 1537 5733 1687 5773; x_wconf 81' lang='lat' dir='ltr'>erraneum.</span> 
     </span>
    </p>
   </div>
   <div class='ocr_carea' id='block_1_14' title="bbox 1380 5805 1628 5891">
    <p class='ocr_par' dir='ltr' id='par_1_16' title="bbox 1380 5805 1628 5891">
     <span class='ocr_line' id='line_1_122' title="bbox 1380 5805 1628 5891; baseline -0.004 -20"><span class='ocrx_word' id='word_1_917' title='bbox 1380 5805 1628 5891; x_wconf 65' lang='lat' dir='ltr'>(linet-dene.)</span> 
     </span>
    </p>
   </div>
   <div class='ocr_carea' id='block_1_15' title="bbox 0 0 1954 6390">
    <p class='ocr_par' dir='ltr' id='par_1_17' title="bbox 0 0 1954 6390">
     <span class='ocr_line' id='line_1_123' title="bbox 0 0 1954 6390; baseline 0 1"><span class='ocrx_word' id='word_1_918' title='bbox 0 0 1954 6390; x_wconf 95' lang='lat' dir='ltr'> </span> 
     </span>
    </p>
   </div>
  </div>
 </body>
</html>
