3900 6390
242 269 294 329 5⁸¹1
760 270 805 329 DE
821 269 982 333 ClilTbTE
1002 268 1069 338 bltt,
1088 267 1117 324 S.
1138 265 1322 325 auddsTtttt
1830 264 1884 323 tto

243 392 331 441 stram
343 399 352 451 3
367 381 456 450 istam,
469 389 645 452 acquantum
659 381 718 438 uult
731 391 836 448 noceat,
850 382 898 439 liei
908 390 1041 453 potestate
1093 379 1187 451 Angoli
1203 378 1394 449 intelligantur,
1408 375 1476 433 inira
1489 390 1554 433 reru
1575 375 1619 433 ret
1633 393 1709 450 aquae
1722 377 1783 435 istae
1794 379 1888 435 visibi-

247 473 379 532 benaiam
392 492 400 533 :
411 474 484 531 illam
498 473 560 529 buie
567 473 734 540 illudentem,
748 483 777 529 ut
784 474 877 529 uolens
888 473 973 544 prosit
981 487 1041 543 per·
1077 469 1143 539 les,
1158 468 1202 524 sel
1220 468 1352 524 malornm
1369 468 1526 539 angelorum
1544 467 1695 539 multitudo,
1709 469 1753 525 vei
1768 471 1888 526 omniurn

246 565 429 624 secudonibus
442 564 516 632 suis;
528 565 598 621 bane
610 564 649 619 illi
663 564 835 632 invidentem,
848 579 909 620 cum
923 563 1041 634 peregri·
1092 560 1230 616 bominum
1250 568 1352 630 gentes.
1375 558 1452 628 Quod
1472 560 1496 615 si
1516 559 1553 615 ita
1572 568 1623 626 est,
1638 575 1692 616 non
1707 560 1762 617 illic
1777 571 1889 633 appnet

247 669 298 712 noa
309 653 408 726 colligit
421 668 485 710 suos
495 670 503 708 s
513 668 569 711 ,uos
580 668 644 726 ergo
657 653 707 710 bas
723 653 790 711 duas
803 654 946 710 societates
959 668 1041 724 ange·
1092 651 1138 707 ubi
1157 649 1219 706 iacti
1249 659 1314 706 suut
1336 649 1442 720 Angeli,
1464 650 1513 706 sed
1526 650 1571 706 ubi
1584 649 1705 706 disereti.
1717 650 1847 719 anmuis
1862 664 1888 709 ct

248 747 314 805 lices
325 748 397 804 inter
410 761 441 803 se
454 746 574 818 dispares
583 756 665 818 atque
674 747 833 814 corsrrarias,
853 761 934 802 ursam
950 753 978 802 et
990 759 1041 801 na·
1092 755 1185 814 aquas,
1197 740 1268 812 quod
1280 741 1491 812 pervenisstms
1504 751 1585 812 atque
1595 740 1684 813 impiae
1696 741 1823 798 sanitatis
1836 753 1889 810 est,

249 842 308 894 itura
322 838 431 902 bonam,
446 846 474 894 et
492 837 629 894 vuluntate
641 847 763 904 recmm;
778 837 857 893 aliam
868 851 933 893 vero
944 845 1040 892 natura
1092 832 1307 904 negentquidam
1319 831 1405 888 factm
1423 831 1518 896 abeo,
1534 832 1660 902 quoniam
1673 847 1807 903 nusquam
1820 836 1888 888 scri-

249 928 415 994 sonam,sed
426 929 562 987 uoluntate
571 943 736 1000 perversam,
747 928 807 984 aliis
817 927 1041 984 manilestioribus
1092 926 1233 997 ptum'est,
1249 924 1322 981 Dixit
1338 924 1421 994 licus,
1443 923 1523 981 Fiant
1535 939 1611 996 aquae
1620 925 1671 996 (ol.
1686 924 1764 994 Quod
1777 937 1889 998 possum

248 1019 399 1077 divinarum
411 1019 608 1090 scripturarum
624 1020 785 1086 testimoniis
798 1020 957 1088 declaratas,
968 1021 1040 1091 quod
1092 1016 1174 1074 simili
1184 1017 1302 1073 sanitate
1315 1017 1395 1074 etlam
1405 1016 1441 1074 de
1458 1026 1529 1074 terra
1541 1016 1798 1090 diceresnusqusm
1817 1019 1889 1076 enim

248 1110 330 1168 edam
343 1110 370 1167 in
389 1110 442 1167 boe
453 1110 532 1178 libro,
548 1111 591 1168 cui
612 1126 711 1168 nomeu
729 1120 772 1168 εει
783 1111 906 1176 Genesis,
919 1111 986 1167 lucis
1005 1119 1040 1167 te·
1092 1106 1199 1180 legitur,
1214 1108 1286 1164 Dixit
1306 1107 1388 1177 Deus,
1408 1108 1468 1164 liat
1486 1117 1566 1164 terra.
1582 1106 1647 1178 Sed,
1666 1108 1801 1180 inquiunt,
1823 1110 1889 1166 scri·

249 1201 447 1273 nebrarumqne
467 1201 603 1259 uocabulis
626 1201 788 1275 significatas
812 1201 1039 1270 existimavimus,
1092 1208 1168 1275 ptum
1188 1208 1241 1267 ost,
1261 1198 1296 1256 ln
1317 1199 1443 1271 principio
1465 1200 1523 1270 fecit
1539 1197 1611 1255 Deus
1632 1200 1724 1256 scinu
1742 1209 1766 1256 et
1784 1208 1889 1256 tarsun.

248 1295 354 1351 etiamsi
363 1295 435 1351 aliud
447 1295 590 1353 seusitboe
599 1296 660 1354 loco
670 1295 793 1368 tortoqni
803 1295 919 1367 scripsit,
933 1303 1042 1352 nonest
1092 1289 1150 1348 illie
1160 1306 1225 1361 ergo
1236 1300 1265 1349 et
1275 1304 1344 1362 aqua
1359 1289 1530 1361 inlelligenda
1544 1298 1609 1346 est:
1623 1303 1678 1346 uuo
1691 1290 1764 1347 enim
1780 1291 1891 1349 nomino

248 1385 379 1442 inutiliter
388 1386 536 1443 obscuritas
549 1386 629 1458 bujus
639 1395 798 1458 pertractata
808 1387 965 1444 sententiae:
978 1387 1042 1456 quin
1093 1394 1237 1458 utrumque
1254 1382 1478 1455 comprehensum
1497 1391 1549 1440 εει.
1570 1380 1639 1440 tiam
1658 1384 1739 1455 ipsine
1756 1393 1795 1440 est
1808 1401 1890 1454 mors,

249 1478 302 1535 etsi
314 1478 479 1535 uoluutotsm
488 1480 604 1536 auctoris
613 1480 675 1537 libri
689 1479 769 1552 buius
778 1479 905 1551 indagare
918 1479 1042 1552 nequiui-
1093 1477 1163 1535 sicut
1180 1477 1209 1533 in
1227 1474 1450 1549 Psalmolcgitnr,
1471 1483 1498 1530 ct
1515 1474 1572 1545 ipsc
1582 1474 1642 1546 fecit
1655 1474 1733 1543 itisd,
1754 1485 1778 1530 ct
1789 1476 1891 1531 oridms

250 1582 349 1634 rnus,a
363 1569 452 1640 regula
466 1579 554 1626 tamen
564 1569 638 1638 bdoi,
649 1585 710 1642 quea
721 1585 770 1642 per
780 1571 848 1627 alias
860 1570 982 1642 simmam
993 1585 1041 1627 su-
1091 1569 1201 1626 ιιπιιιιι
1216 1583 1307 1623 monus
1323 1567 1380 1638 eius
1390 1567 1518 1637 finemunt
1539 1564 1628 1639 (Psoi.
1645 1581 1716 1635 ress,
1733 1566 1775 1639 5).
1794 1565 1849 1624 Sed
1864 1567 1892 1624 bi

250 1659 382 1716 ctoritatis
400 1675 490 1717 sacrm
499 1661 614 1718 Litteras
632 1662 698 1718 satis
710 1662 833 1718 fidelibus
846 1671 908 1718 nota
922 1671 974 1728 εει,
987 1677 1043 1720 non
1093 1661 1140 1734 qui
1154 1661 1182 1717 in
1194 1662 1303 1717 suomiue
1313 1674 1443 1732 aquarum
1457 1674 1517 1731 qun
1526 1673 1608 1731 super
1616 1659 1700 1716 coelus
1711 1667 1786 1730 sunt,
1800 1662 1890 1732 Ange·

250 1751 464 1808 sterrannnst
479 1753 536 1809 Etsi
554 1757 625 1810 eninr
646 1755 793 1825 corporalia
814 1753 858 1811 bic
878 1769 1043 1812 commemo-
1093 1756 1136 1812 los
1149 1753 1261 1826 intelligi
1273 1753 1378 1821 solunt,
1391 1751 1553 1826 ponderibus
1567 1751 1762 1808 elemeunorum
1778 1768 1890 1808 mouens-

250 1849 309 1897 rata
321 1850 384 1898 sunt
395 1858 477 1914 opera
489 1843 549 1910 liei,
565 1843 666 1901 babent
677 1846 769 1917 procul
788 1846 870 1903 dubio
887 1847 1042 1903 nonnullam
1094 1854 1148 1914 tur,
1164 1854 1192 1901 et
1203 1845 1264 1902 ideo
1276 1858 1330 1900 non
1344 1852 1438 1915 potant
1452 1858 1582 1915 aquarum
1601 1841 1709 1900 buldam
1728 1858 1891 1917 grauemque

250 1931 450 1990 similitudinem
477 1935 674 2006 spiritualium,
701 1938 846 1994 seeundum
869 1949 952 1997 satam
979 1939 1044 1996 dicit
1094 1946 1216 1994 naturum
1230 1939 1258 1992 ln
1272 1936 1456 2008 superioribus
1474 1935 1565 1991 mundi
1578 1935 1644 1992 loeis
1657 1936 1778 2006 potuisse
1791 1938 1891 1994 consti-

251 2021 394 2092 Apostolus
405 2039 413 2079 a
425 2021 518 2080 Onnum
531 2025 600 2081 enim
611 2040 654 2083 uos
669 2027 719 2098 W
733 2028 798 2083 lueis
809 2029 903 2085 astiset
914 2030 963 2100 filii
975 2030 1043 2096 disi,·
1095 2029 1134 2086 tui
1148 2046 1156 2084 ε
1171 2029 1215 2101 qui
1238 2026 1385 2086 secundnm
1403 2028 1521 2083 rationes
1542 2041 1605 2084 suas
1626 2028 1650 2084 si
1676 2028 1726 2097 ipsi
1750 2027 1890 2086 bominem

251 2127 303 2168 non
313 2129 401 2169 summ
413 2115 503 2180 noctis,
517 2131 595 2187 noque
605 2117 765 2175 umbrorum
779 2119 802 2189 (l
817 2118 905 2176 utos.
920 2136 947 2187 s,
963 2121 1003 2192 ὅ).
1013 2119 1043 2178 si
1094 2119 1183 2177 lacere
1198 2128 1317 2190 possent,
1331 2133 1385 2175 non
1407 2121 1432 2175 el
1447 2117 1579 2189 pituritam,
1600 2117 1671 2189 quod
1689 2132 1777 2190 grance
1800 2126 1890 2193 puppe

252 2208 342 2259 nutem
363 2202 416 2260 boc
434 2205 519 2261 sensit
532 2207 612 2262 etiarn
633 2207 678 2264 ille
694 2209 738 2279 qui
763 2209 881 2280 scripsit,
906 2209 940 2267 ad
956 2211 1044 2282 perie-
1094 2211 1202 2279 dicitur,
1213 2219 1240 2269 ει
1250 2220 1374 2282 tanquam
1385 2211 1412 2266 in
1424 2211 1566 2268 elementis
1575 2210 1697 2281 corperis
1710 2211 1797 2267 nostri
1810 2226 1891 2283 nqua-

252 2294 364 2350 ctiorem
374 2294 562 2366 disputationis
578 2297 658 2354 linem
669 2307 760 2354 nostra
774 2301 894 2371 peruenit
911 2301 1042 2358 intentio:
1095 2318 1154 2360 rum
1179 2303 1264 2359 vicent
1290 2301 1403 2371 obtinet,
1426 2301 1456 2358 in
1480 2301 1568 2372 capite
1586 2308 1729 2374 ponerent.
1756 2301 1797 2358 lbi
1818 2302 1889 2359 eniur

253 2391 285 2441 ut
305 2384 385 2442 bomo
404 2386 521 2444 licitum
541 2389 808 2462 exmtsdninaeque
826 2391 1044 2463 sapientissimo
1095 2395 1174 2454 scdcs
1193 2405 1236 2452 est
1262 2393 1433 2467 phlegmatis,
1458 2391 1605 2450 seeundum
1630 2392 1679 2450 bei
1702 2407 1770 2464 opus
1798 2393 1891 2465 utique

253 2490 303 2547 per
322 2493 385 2535 cnm
405 2478 520 2550 Spiritus
538 2480 586 2536 liei
608 2480 637 2537 in
656 2482 900 2539 commemorandis
919 2485 1044 2562 operibus
1095 2487 1404 2562 aptissimctsecuudum
1417 2486 1529 2543 istorum
1539 2493 1628 2542 autern
1638 2486 1889 2555 conjecturamtsm

253 2566 314 2635 Dei.
326 2583 387 2639 (1¹¹oe
400 2570 489 2625 ⁰mtti³
512 2579 590 2627 sexto
605 2571 649 2627 die
660 2571 726 2629 dicit
739 2587 800 2630 esse
818 2573 949 2662 perlecta,
970 2577 1044 2634 nullo
1095 2581 1219 2649 absurde,
1233 2590 1264 2642 ut
1276 2580 1299 2638 si
1313 2581 1365 2637 boc
1378 2580 1554 2647 nesciremus,
1577 2579 1643 2636 etin
1664 2578 1717 2634 boc
1731 2579 1892 2636 librosimi-

247 2658 335 2713 modo
347 2659 462 2730 Angelos
476 2662 680 2732 praetermisisse
694 2664 837 2721 credatur:
851 2666 908 2724 sive
925 2665 960 2724 lu
971 2670 1044 2740 prin·
1095 2672 1157 2728 liter
1176 2672 1304 2743 scriptum
1319 2679 1400 2739 esset,
1413 2670 1484 2745 quod
1498 2671 1568 2726 bens
1580 2662 1720 2726 bumorem
1739 2669 1851 2726 liuidum
1864 2679 1891 2727 et

253 2749 332 2820 dpio,
345 2750 406 2820 quia
422 2751 508 2828 primo
525 2752 604 2820 iecit;
626 2755 683 2812 siue
701 2755 774 2828 quod
785 2759 987 2816 conuenientius
1000 2759 1043 2816 iu-
1095 2763 1230 2836 frigidum,
1246 2778 1278 2820 ac
1291 2778 1339 2834 per
1357 2763 1409 2818 boe
1427 2777 1546 2834 gravem,
1565 2763 1593 2818 in
1607 2762 1747 2833 superiore
1765 2762 1889 2819 omnibus

253 2839 391 2912 telligitur,
406 2840 441 2897 ln
451 2843 587 2916 principio,
602 2846 664 2917 quia
678 2846 706 2902 in
719 2847 807 2904 Verbo
822 2849 957 2922 unigenito
968 2850 1042 2919 iecit,

252 2931 381 3004 scriptum
396 2934 441 3003 sit,
455 2933 490 2991 ln
501 2937 626 3010 principio
640 2940 699 3011 {ecit
713 2938 784 2997 Deua
795 2940 886 2998 cutum
898 2952 922 2998 et
935 2954 1044 3002 terrum:

253 3024 350 3094 quibus
362 3026 513 3085 nominibus
528 3029 684 3086 uniuersalis
695 3041 737 3089 est
752 3031 899 3105 stgnittcna
910 3046 1042 3105 ereatura,

253 3117 296 3174 rel
306 3118 451 3199 spiritualis
465 3130 493 3178 et
504 3123 661 3194 corporalis,
676 3124 748 3196 quod
759 3135 802 3183 est
813 3127 983 3196 credibilium
1003 3130 1045 3187 uel

251 3208 357 3280 magnae
369 3209 430 3267 dua
443 3213 536 3270 mundi
550 3225 650 3287 partes,
663 3218 760 3288 quibus
771 3219 860 3275 omnia
874 3235 934 3292 qum
953 3231 1044 3280 ereata

253 3310 317 3357 suut
332 3304 511 3376 coronentur,
526 3317 556 3364 ut
568 3309 689 3380 primitus
703 3326 763 3369 eam
777 3320 859 3370 totam
871 3325 1043 3386 proponeret,

254 3409 287 3451 sc
306 3395 403 3453 deinde
420 3409 513 3468 partes
531 3402 589 3472 ejus
608 3404 755 3462 secundum
778 3407 919 3479 mysticum
940 3406 1044 3466 dierum

253 3499 394 3555 nunterum
408 3501 609 3560 exsequeretur.

254 3593 367 3653 CAPUT
386 3597 509 3657 xxxtv.
521 3632 556 3643 -
570 3602 608 3659 De
629 3622 659 3660 so
682 3608 749 3677 quod
769 3609 871 3679 quidum
893 3621 994 3682 putant,
1017 3615 1045 3669 in

290 3688 433 3745 conditione
458 3692 611 3762 firmamenti
630 3713 754 3766 uquarum
769 3701 932 3757 discreturum
944 3709 1045 3760 nomine

290 3780 401 3853 Ampelos
420 3786 584 3856 significator,
608 3798 633 3845 et
653 3792 720 3861 quod
741 3793 844 3864 quidum
858 3811 938 3866 ugnos
959 3798 1045 3853 emisti·

289 3882 360 3928 munt
373 3892 424 3930 non
437 3890 544 3936 erectos.

290 3985 446 4058 Quanquam
471 3994 591 4050 nonnulli
614 3997 767 4067 putaverint
785 4013 914 4071 aquarum
937 4003 1045 4060 nomine

255 4075 416 4146 significatus
430 4083 626 4152 quodammodo
648 4091 759 4161 pupulos
773 4093 933 4163 Angelorum
949 4095 988 4165 (o)
999 4113 1007 4162 ;
1018 4103 1045 4151 et

256 4165 308 4222 buc
327 4183 386 4225 esse
407 4174 477 4243 quud
498 4174 597 4234 dictum
618 4190 669 4250 est,
691 4180 752 4236 Fiat
773 4183 961 4254 firmamentum
980 4187 1046 4242 inter

255 4275 347 4329 uquout
367 4271 390 4315 ct
409 4279 501 4334 cqnum
515 4266 591 4339 (Gen.
606 4286 625 4339 t,
641 4272 670 4344 6)
685 4282 827 4346 :utsupra
847 4275 1044 4334 firmamentum

287 4395 294 4426 ¹
314 4397 389 4446 nostri
399 4410 609 4466 conoscimento
619 4406 744 4458 codbdbd
765 4406 940 4460 obdomuimus.
952 4416 982 4458 st.

286 4453 324 4520 (o)
336 4464 384 4507 tloe
392 4464 489 4521 probasse
498 4462 551 4525 ipse
564 4469 708 4529 Augustinus
718 4441 814 4519 uia’letur
825 4471 868 4521 lib.
882 4473 912 4521 td
927 4470 1045 4530 confess„

254 4529 324 4581 mqtp.
342 4520 373 4569 lb
392 4521 466 4572 eiiii.
477 4525 523 4573 sed
541 4525 602 4602 boue
619 4531 767 4603 seutentiam
784 4533 926 4595 improbauit
940 4535 964 4582 in
976 4531 1046 4582 libb

254 4584 519 4707 dominantum
528 4585 554 4697 {²11
570 4588 1046 4711 liiidieliliiiisi‘iiiilbfflf’f‘I

960 4663 1032 4719 ynula

255 4704 403 4776 uumetab
418 4707 570 4774 Hieronymo,
581 4711 612 4760 ad
622 4713 796 4764 tammacbium
813 4715 932 4768 aduersus
948 4729 1046 4768 errores

254 4770 352 4816 toanuus
362 4768 562 4833 teromlymitani.

1095 2855 1199 2912 caeteris
1213 2854 1322 2910 humani
1333 2854 1454 2925 corporis
1473 2862 1548 2924 parte
1560 2852 1692 2924 posuerit,
1715 2851 1761 2908 isti
1774 2851 1889 2907 uuban-

1096 2954 1169 3004 tores
1182 2946 1376 3003 clementorum
1395 2958 1562 3017 nequaquam
1583 2942 1740 3009 crederent;
1757 2951 1785 2999 et
1804 2943 1829 2998 si
1841 2956 1889 2998 su·

1096 3037 1215 3095 ctoritati
1237 3035 1358 3108 ejusdem
1377 3035 1522 3107 Scripturas
1549 3033 1649 3091 subditi
1667 3041 1769 3096 esseut,
1792 3031 1889 3104 aliquid

1096 3131 1168 3187 aliud
1181 3146 1215 3186 ex
1229 3130 1279 3186 boc
1299 3126 1500 3201 intelligendum
1514 3142 1575 3184 esse
1592 3135 1745 3183 censerent.
1760 3123 1815 3181 Scd
1827 3138 1890 3196 quo·

1096 3224 1181 3292 niam,
1201 3224 1225 3280 si
1246 3223 1391 3294 diligenter
1408 3220 1512 3293 singula
1534 3229 1685 3276 scrutemur
1696 3226 1778 3289 atquc
1792 3225 1890 3273 traete

1096 3331 1167 3382 mus,
1183 3330 1244 3387 qnae
1261 3313 1289 3370 in
1304 3313 1349 3369 illo
1362 3312 1453 3369 diuino
1464 3310 1532 3367 libro
1545 3309 1579 3366 de
1589 3308 1783 3366 constitutione
1797 3308 1889 3364 mundi

1096 3412 1195 3483 scripta
1210 3418 1283 3477 sunt,
1298 3416 1326 3464 et
1345 3406 1429 3462 multa
1445 3403 1568 3469 dicenda,
1584 3411 1612 3458 et
1632 3400 1799 3472 aproposito
1816 3401 1891 3455 insti·

1097 3505 1145 3561 tuti
1159 3502 1249 3574 operis
1261 3502 1339 3572 longe
1353 3494 1555 3570 digrediendum
1577 3504 1636 3560 est3
1649 3492 1760 3563 jamque
1774 3490 1811 3547 de
1824 3489 1890 3545 dua·

1096 3596 1148 3653 bus
1160 3594 1217 3651 istis
1226 3592 1338 3650 diversis
1351 3591 1421 3646 inter
1430 3603 1461 3645 εε
1474 3598 1553 3658 atque
1565 3584 1706 3642 contrariis
1717 3583 1891 3640 societatibus

1097 3685 1270 3757 Angelorum,
1285 3682 1420 3753 inquibus
1434 3687 1497 3735 sunt
1512 3676 1633 3749 quaedam
1654 3673 1765 3732 exordia
1778 3673 1890 3731 duarum

1097 3781 1176 3837 etiam
1193 3779 1220 3833 in
1231 3777 1312 3833 rebus
1321 3772 1444 3829 luumanis
1456 3770 1601 3836 ciuitatum,
1615 3765 1755 3838 dequibus
1766 3766 1891 3838 deinceps

1096 3869 1186 3927 dicere
1198 3865 1315 3936 institui,
1328 3871 1455 3934 quantum
1466 3861 1531 3917 satis
1541 3859 1693 3916 essenisum
1708 3865 1761 3923 est,
1770 3856 1891 3928 dispota-

1096 3961 1192 4027 vimus,
1205 3957 1275 4013 bunc
1285 3969 1391 4026 quoque
1402 3953 1498 4008 librum
1508 3946 1651 4021 aliquando
1663 3945 1833 4004 claudamus.

1129 4134 1137 4165 ¹
1151 4130 1217 4182 sind.
1230 4135 1267 4178 ltu.
1280 4135 1307 4178 et
1317 4133 1371 4176 tou.
1380 4125 1502 4182 omittunt,
1513 4119 1713 4172 terremttabeut
1725 4119 1835 4190 potiores
1844 4130 1892 4168 ma·

1096 4194 1212 4255 nuscripti
1229 4192 1294 4253 iuxta
1305 4200 1411 4252 graccum
1427 4192 1491 4233 Lxx.
1502 4183 1580 4253 ttabet
1597 4183 1671 4232 etiam
1691 4181 1766 4231 εᾱιιίο
1785 4189 1837 4230 Am.
1848 4179 1892 4230 scd

1097 4269 1152 4306 eum
1163 4255 1325 4304 additamento
1336 4251 1371 4299 sie
1381 4262 1388 4296 ι
1399 4253 1423 4298 ει
1434 4245 1538 4306 midam,
1550 4246 1576 4295 td
1587 4249 1622 4295 ert
1633 4250 1724 4294 terrum
1739 4254 1827 4294 numius
1841 4254 1892 4306 mus

1096 4315 1251 4441 finffirfflhs
1270 4374 1343 4424 ettam
1359 4370 1461 4421 haeresis
1478 4368 1588 4418 meminit
1607 4365 1669 4415 libro
1686 4365 1719 4415 de
1741 4365 1890 4426 traerenbm,

1097 4441 1157 4492 baer.
1169 4439 1210 4497 td,
1223 4450 1269 4487 nce
1279 4443 1362 4486 tanuen
1383 4440 1507 4481 auctorem
1522 4430 1638 4479 nominat.
1655 4432 1711 4475 lam
1723 4427 1837 4477 Audianis
1846 4427 1890 4476 tri·

1097 4504 1151 4554 buit
1161 4500 1336 4555 theodoretus
1350 4495 1412 4544 libro
1423 4492 1439 4541 4
1450 4493 1620 4542 ttaeretimrum
1632 4487 1777 4561 fabularum.
1785 4487 1888 4551 ttpipba·

1097 4565 1153 4614 nius
1163 4569 1255 4620 contra,
1267 4560 1359 4608 ttaeresi
1370 4555 1410 4615 dl,
1418 4567 1473 4617 quae
1485 4561 1523 4603 est
1534 4557 1792 4615 sanrpsoeorum,1utcr
1799 4556 1890 4600 cetera

1097 4627 1142 4676 bos
1152 4624 1281 4674 haereticos
1291 4627 1365 4678 nutat,
1383 4617 1447 4680 quud
1465 4615 1577 4667 colerent
1590 4625 1687 4677 aquam,
1700 4618 1727 4662 et
1736 4609 1887 4663 namnetum

1098 4694 1174 4739 neum
1186 4689 1308 4749 putarent.
1317 4687 1442 4737 cosumus.

259 4856 1893 4900 ——-----..-..-..------—--——--

660 4957 900 5076 LIBER
941 4947 1479 5068 DUODEdIMUS.

272 5138 309 5205 .¹¹‚¹
320 5147 369 5196 ¹11¹0
381 5139 447 5198 prius
456 5138 555 5200 quidem
566 5139 599 5190 dc
609 5138 707 5204 Angelis
714 5142 815 5204 inquirit
826 5141 979 5204 Augustinus,
989 5137 1176 5190 undenimirum
1186 5131 1311 5184 aliisbona
1320 5124 1501 5202 voluntanaliis
1516 5123 1587 5198 mala,
1600 5131 1627 5174 et
1637 5132 1692 5196 qum
1700 5131 1773 5170 causa
1788 5119 1895 5170 beatitu-

254 5191 1096 5328 mmsabtmgitsgpgg'ffissffiffissaegemgffitffiffignaffitg
1105 5205 1261 5324 maggae
1271 5194 1303 5242 de
1318 5191 1423 5241 bominis
1437 5189 1591 5239 institutione
1613 5190 1673 5250 agit,
1695 5182 1822 5246 docemus
1838 5188 1905 5302 eum,

984 5391 1167 5450 dicimo

272 5509 386 5570 durus
398 5513 634 5573 littidum-us
646 5534 697 5574 uno
711 5519 833 5576 donorum
853 5519 1026 5590 ειειειεειῃε
1096 5508 1209 5568 duarum
1230 5508 1387 5575 ciuitatum,
1402 5515 1531 5578 quantum
1544 5502 1577 5560 ad
1592 5501 1763 5558 rationalium
1782 5508 1900 5574 morta·¹

520 5607 667 5678 angelorum
680 5619 785 5665 nutura.

285 5696 318 5754 l.
341 5700 489 5772 Antequam
512 5699 545 5758 dc
569 5700 733 5764 institutione
753 5701 982 5775 bominiutlicam,
996 5699 1043 5761 ubi

1105 5600 1169 5658 lium
1181 5600 1190 5632 ¹
1201 5613 1285 5671 genus
1297 5598 1411 5665 attinet,
1425 5595 1565 5668 apparebit
1584 5601 1714 5659 exortus,
1727 5591 1799 5650 sient
1813 5601 1881 5662 top·
1899 5654 1905 5679 .-

1130 5708 1138 5742 ε
1157 5704 1224 5772 mnu,
1236 5703 1425 5768 mortinangia.
1440 5702 1522 5764 Abest,
1533 5712 1587 5765 que,
1597 5712 1612 5752 a
1622 5696 1802 5762 nauuscilstb
1907 5746 1920 5774 .,
