<?xml version="1.0" encoding="UTF-8"?>
<!DOCTYPE html PUBLIC "-//W3C//DTD XHTML 1.0 Transitional//EN"
    "http://www.w3.org/TR/xhtml1/DTD/xhtml1-transitional.dtd">
<html xmlns="http://www.w3.org/1999/xhtml" xml:lang="en" lang="en">
 <head>
  <title>
</title>
<meta http-equiv="Content-Type" content="text/html;charset=utf-8" />
  <meta name='ocr-system' content='tesseract 3.04.00' />
  <meta name='ocr-capabilities' content='ocr_page ocr_carea ocr_par ocr_line ocrx_word'/>
</head>
<body>
  <div class='ocr_page' id='page_1' title='image "./sanctiaureliiau04augugoog_0192.png"; bbox 0 0 3900 6390; ppageno 0'>
   <div class='ocr_carea' id='block_1_1' title="bbox 251 314 304 374">
    <p class='ocr_par' dir='ltr' id='par_1_1' title="bbox 251 314 304 374">
     <span class='ocr_line' id='line_1_1' title="bbox 251 314 304 374; baseline 0 0"><span class='ocrx_word' id='word_1_1' title='bbox 251 314 304 374; x_wconf 80' lang='lat' dir='ltr'><strong>ott</strong></span> 
     </span>
    </p>
   </div>
   <div class='ocr_carea' id='block_1_2' title="bbox 250 421 1043 684">
    <p class='ocr_par' dir='ltr' id='par_1_2' title="bbox 250 421 1043 684">
     <span class='ocr_line' id='line_1_2' title="bbox 250 421 1042 497; baseline -0.025 -8"><span class='ocrx_word' id='word_1_2' title='bbox 250 429 315 489; x_wconf 83' lang='lat' dir='ltr'><strong>r&#39;ero</strong></span> <span class='ocrx_word' id='word_1_3' title='bbox 324 440 352 488; x_wconf 87' lang='lat' dir='ltr'><strong>et</strong></span> <span class='ocrx_word' id='word_1_4' title='bbox 361 429 535 488; x_wconf 87' lang='lat' dir='ltr'><strong>reetoltinere</strong></span> <span class='ocrx_word' id='word_1_5' title='bbox 543 422 723 497; x_wconf 82' lang='lat' dir='ltr'><strong>malint,qood</strong></span> <span class='ocrx_word' id='word_1_6' title='bbox 734 429 850 479; x_wconf 87' lang='lat' dir='ltr'><strong>mentem</strong></span> <span class='ocrx_word' id='word_1_7' title='bbox 859 421 975 477; x_wconf 81' lang='lat' dir='ltr'><strong>diuinam</strong></span> <span class='ocrx_word' id='word_1_8' title='bbox 987 432 1042 470; x_wconf 83' lang='lat' dir='ltr'><strong>ont·</strong></span> 
     </span>
     <span class='ocr_line' id='line_1_3' title="bbox 252 515 1043 590; baseline -0.025 -9"><span class='ocrx_word' id='word_1_9' title='bbox 252 525 317 582; x_wconf 88' lang='lat' dir='ltr'><strong>nino</strong></span> <span class='ocrx_word' id='word_1_10' title='bbox 331 522 520 579; x_wconf 75' lang='lat' dir='ltr'><strong>immutabilem</strong></span> <span class='ocrx_word' id='word_1_11' title='bbox 538 518 681 590; x_wconf 86' lang='lat' dir='ltr'><strong>cujuslibet</strong></span> <span class='ocrx_word' id='word_1_12' title='bbox 703 515 840 572; x_wconf 79' lang='lat' dir='ltr'><strong>infinitatis</strong></span> <span class='ocrx_word' id='word_1_13' title='bbox 860 525 1002 582; x_wconf 77' lang='lat' dir='ltr'><strong>capacem,</strong></span> <span class='ocrx_word' id='word_1_14' title='bbox 1015 515 1043 562; x_wconf 95' lang='grc' dir='ltr'><strong>ει</strong></span> 
     </span>
     <span class='ocr_line' id='line_1_4' title="bbox 252 607 1041 684; baseline -0.023 -11"><span class='ocrx_word' id='word_1_15' title='bbox 252 618 389 674; x_wconf 90' lang='lat' dir='ltr'><strong>innumero</strong></span> <span class='ocrx_word' id='word_1_16' title='bbox 402 615 489 671; x_wconf 85' lang='lat' dir='ltr'><strong>munia</strong></span> <span class='ocrx_word' id='word_1_17' title='bbox 503 614 563 669; x_wconf 88' lang='lat' dir='ltr'><strong>sino</strong></span> <span class='ocrx_word' id='word_1_18' title='bbox 581 611 749 684; x_wconf 71' lang='lat' dir='ltr'><strong>cogitationis</strong></span> <span class='ocrx_word' id='word_1_19' title='bbox 760 607 934 664; x_wconf 88' lang='lat' dir='ltr'><strong>altematione</strong></span> <span class='ocrx_word' id='word_1_20' title='bbox 946 617 1041 658; x_wconf 90' lang='lat' dir='ltr'><strong>nume·</strong></span> 
     </span>
    </p>
   </div>
   <div class='ocr_carea' id='block_1_3' title="bbox 145 692 1041 782">
    <p class='ocr_par' dir='ltr' id='par_1_3' title="bbox 145 692 1041 782">
     <span class='ocr_line' id='line_1_5' title="bbox 145 692 1041 782; baseline -0.025 -17"><span class='ocrx_word' id='word_1_21' title='bbox 145 776 148 782; x_wconf 17' lang='lat'>⁵</span> <span class='ocrx_word' id='word_1_22' title='bbox 251 692 1041 772; x_wconf 71' lang='lat' dir='ltr'><strong>tantandosuahumana,mutabili,angustaquemetiun—</strong></span> 
     </span>
    </p>
   </div>
   <div class='ocr_carea' id='block_1_4' title="bbox 247 784 1043 3507">
    <p class='ocr_par' dir='ltr' id='par_1_4' title="bbox 247 784 1043 3507">
     <span class='ocr_line' id='line_1_6' title="bbox 251 784 1042 867; baseline -0.024 -11"><span class='ocrx_word' id='word_1_23' title='bbox 251 809 304 856; x_wconf 85' lang='lat' dir='ltr'><strong>ter.</strong></span> <span class='ocrx_word' id='word_1_24' title='bbox 321 799 355 854; x_wconf 82' lang='lat' dir='ltr'><strong>lit</strong></span> <span class='ocrx_word' id='word_1_25' title='bbox 370 799 398 852; x_wconf 92' lang='lat' dir='ltr'><strong>lit</strong></span> <span class='ocrx_word' id='word_1_26' title='bbox 410 796 463 852; x_wconf 91' lang='lat' dir='ltr'><strong>illis</strong></span> <span class='ocrx_word' id='word_1_27' title='bbox 476 794 547 867; x_wconf 81' lang='lat' dir='ltr'><strong>guod</strong></span> <span class='ocrx_word' id='word_1_28' title='bbox 559 796 596 850; x_wconf 88' lang='lat' dir='ltr'><strong>ait</strong></span> <span class='ocrx_word' id='word_1_29' title='bbox 610 793 753 864; x_wconf 72' lang='lat' dir='ltr'><strong>Apostolus</strong></span> <span class='ocrx_word' id='word_1_30' title='bbox 765 809 772 848; x_wconf 74' lang='grc' dir='ltr'><strong>ι</strong></span> <span class='ocrx_word' id='word_1_31' title='bbox 783 795 957 858; x_wconf 82' lang='lat' dir='ltr'><strong>comparantes</strong></span> <span class='ocrx_word' id='word_1_32' title='bbox 970 784 1042 840; x_wconf 89' lang='lat' dir='ltr'><strong>enim</strong></span> 
     </span>
     <span class='ocr_line' id='line_1_7' title="bbox 255 875 1040 960; baseline -0.019 -16"><span class='ocrx_word' id='word_1_33' title='bbox 255 891 399 960; x_wconf 69' lang='lat' dir='ltr'><strong>temetipsos</strong></span> <span class='ocrx_word' id='word_1_34' title='bbox 406 888 566 958; x_wconf 71' lang='lat' dir='ltr'><strong>abiunetiprit</strong></span> <span class='ocrx_word' id='word_1_35' title='bbox 574 885 624 959; x_wconf 84' lang='lat' dir='ltr'><strong>(n),</strong></span> <span class='ocrx_word' id='word_1_36' title='bbox 635 901 686 939; x_wconf 85' lang='lat' dir='ltr'><strong>nort</strong></span> <span class='ocrx_word' id='word_1_37' title='bbox 696 878 940 954; x_wconf 71' lang='lat' dir='ltr'><strong>intelligentdlh&#39;or.</strong></span> <span class='ocrx_word' id='word_1_38' title='bbox 951 892 977 944; x_wconf 82' lang='lat'><strong>1,</strong></span> <span class='ocrx_word' id='word_1_39' title='bbox 986 875 1040 945; x_wconf 69' lang='lat' dir='ltr'><strong>ti).</strong></span> 
     </span>
     <span class='ocr_line' id='line_1_8' title="bbox 251 969 1043 1050; baseline -0.018 -16"><span class='ocrx_word' id='word_1_40' title='bbox 251 976 319 1034; x_wconf 86' lang='lat' dir='ltr'><strong>liam</strong></span> <span class='ocrx_word' id='word_1_41' title='bbox 333 978 395 1050; x_wconf 80' lang='lat' dir='ltr'><strong>quoia</strong></span> <span class='ocrx_word' id='word_1_42' title='bbox 409 978 461 1033; x_wconf 89' lang='lat' dir='ltr'><strong>illis</strong></span> <span class='ocrx_word' id='word_1_43' title='bbox 472 976 599 1048; x_wconf 81' lang='lat' dir='ltr'><strong>qrridguid</strong></span> <span class='ocrx_word' id='word_1_44' title='bbox 613 974 672 1030; x_wconf 80' lang='lat' dir='ltr'><strong>trusi</strong></span> <span class='ocrx_word' id='word_1_45' title='bbox 685 972 832 1030; x_wconf 86' lang='lat' dir='ltr'><strong>laciendum</strong></span> <span class='ocrx_word' id='word_1_46' title='bbox 844 969 915 1026; x_wconf 88' lang='lat' dir='ltr'><strong>veuit</strong></span> <span class='ocrx_word' id='word_1_47' title='bbox 927 969 954 1023; x_wconf 92' lang='lat' dir='ltr'><strong>ln</strong></span> <span class='ocrx_word' id='word_1_48' title='bbox 968 982 1043 1022; x_wconf 92' lang='lat' dir='ltr'><strong>meo·</strong></span> 
     </span>
     <span class='ocr_line' id='line_1_9' title="bbox 251 1065 1043 1138; baseline -0.02 -10"><span class='ocrx_word' id='word_1_49' title='bbox 251 1065 1043 1138; x_wconf 77' lang='lat' dir='ltr'><strong>tem‚noeocoasiliolacluut(mutabilesquippcmentesge-</strong></span> 
     </span>
     <span class='ocr_line' id='line_1_10' title="bbox 250 1156 1042 1232; baseline -0.015 -16"><span class='ocrx_word' id='word_1_50' title='bbox 250 1161 347 1232; x_wconf 87' lang='lat' dir='ltr'><strong>rurrt);</strong></span> <span class='ocrx_word' id='word_1_51' title='bbox 362 1160 479 1230; x_wconf 89' lang='lat' dir='ltr'><strong>prolecto</strong></span> <span class='ocrx_word' id='word_1_52' title='bbox 492 1174 546 1215; x_wconf 91' lang='lat' dir='ltr'><strong>uon</strong></span> <span class='ocrx_word' id='word_1_53' title='bbox 569 1159 668 1224; x_wconf 86' lang='lat' dir='ltr'><strong>licum,</strong></span> <span class='ocrx_word' id='word_1_54' title='bbox 682 1172 761 1227; x_wconf 84' lang='lat' dir='ltr'><strong>quem</strong></span> <span class='ocrx_word' id='word_1_55' title='bbox 775 1156 892 1226; x_wconf 89' lang='lat' dir='ltr'><strong>cogitare</strong></span> <span class='ocrx_word' id='word_1_56' title='bbox 908 1166 962 1206; x_wconf 92' lang='lat' dir='ltr'><strong>non</strong></span> <span class='ocrx_word' id='word_1_57' title='bbox 980 1164 1042 1220; x_wconf 90' lang='lat' dir='ltr'><strong>pos·</strong></span> 
     </span>
     <span class='ocr_line' id='line_1_11' title="bbox 251 1244 1041 1323; baseline -0.018 -14"><span class='ocrx_word' id='word_1_58' title='bbox 251 1262 323 1316; x_wconf 80' lang='lat' dir='ltr'><strong>aurat.</strong></span> <span class='ocrx_word' id='word_1_59' title='bbox 338 1254 386 1309; x_wconf 88' lang='lat' dir='ltr'><strong>scd</strong></span> <span class='ocrx_word' id='word_1_60' title='bbox 405 1254 564 1321; x_wconf 83' lang='lat' dir='ltr'><strong>scrutetlpsns</strong></span> <span class='ocrx_word' id='word_1_61' title='bbox 586 1268 634 1323; x_wconf 71' lang='lat' dir='ltr'><strong>prro</strong></span> <span class='ocrx_word' id='word_1_62' title='bbox 656 1250 702 1304; x_wconf 90' lang='lat' dir='ltr'><strong>illo</strong></span> <span class='ocrx_word' id='word_1_63' title='bbox 722 1249 882 1319; x_wconf 87' lang='lat' dir='ltr'><strong>cogitantes,</strong></span> <span class='ocrx_word' id='word_1_64' title='bbox 902 1260 954 1299; x_wconf 90' lang='lat' dir='ltr'><strong>nun</strong></span> <span class='ocrx_word' id='word_1_65' title='bbox 967 1244 1041 1298; x_wconf 91' lang='lat' dir='ltr'><strong>illum</strong></span> 
     </span>
     <span class='ocr_line' id='line_1_12' title="bbox 251 1334 1043 1413; baseline -0.019 -13"><span class='ocrx_word' id='word_1_66' title='bbox 251 1342 299 1400; x_wconf 86' lang='lat' dir='ltr'><strong>sed</strong></span> <span class='ocrx_word' id='word_1_67' title='bbox 313 1359 342 1402; x_wconf 86' lang='grc' dir='ltr'><strong>εε</strong></span> <span class='ocrx_word' id='word_1_68' title='bbox 356 1343 439 1413; x_wconf 88' lang='lat' dir='ltr'><strong>ipsos,</strong></span> <span class='ocrx_word' id='word_1_69' title='bbox 453 1343 568 1407; x_wconf 89' lang='lat' dir='ltr'><strong>necilli,</strong></span> <span class='ocrx_word' id='word_1_70' title='bbox 588 1341 635 1397; x_wconf 91' lang='lat' dir='ltr'><strong>scd</strong></span> <span class='ocrx_word' id='word_1_71' title='bbox 648 1341 698 1396; x_wconf 93' lang='lat' dir='ltr'><strong>sibi</strong></span> <span class='ocrx_word' id='word_1_72' title='bbox 718 1345 884 1409; x_wconf 86' lang='lat' dir='ltr'><strong>comparant.</strong></span> <span class='ocrx_word' id='word_1_73' title='bbox 901 1334 982 1390; x_wconf 89' lang='lat' dir='ltr'><strong>Nobis</strong></span> <span class='ocrx_word' id='word_1_74' title='bbox 995 1348 1043 1386; x_wconf 91' lang='lat' dir='ltr'><strong>au·</strong></span> 
     </span>
     <span class='ocr_line' id='line_1_13' title="bbox 249 1426 1042 1509; baseline -0.013 -21"><span class='ocrx_word' id='word_1_75' title='bbox 249 1440 305 1509; x_wconf 77' lang='lat' dir='ltr'><strong>tom</strong></span> <span class='ocrx_word' id='word_1_76' title='bbox 321 1433 359 1488; x_wconf 86' lang='lat' dir='ltr'><strong>las</strong></span> <span class='ocrx_word' id='word_1_77' title='bbox 373 1448 427 1488; x_wconf 90' lang='lat' dir='ltr'><strong>non</strong></span> <span class='ocrx_word' id='word_1_78' title='bbox 441 1441 482 1488; x_wconf 90' lang='lat' dir='ltr'><strong>est</strong></span> <span class='ocrx_word' id='word_1_79' title='bbox 494 1432 623 1496; x_wconf 85' lang='lat' dir='ltr'><strong>credere,</strong></span> <span class='ocrx_word' id='word_1_80' title='bbox 638 1432 716 1485; x_wconf 85' lang='lat' dir='ltr'><strong>aliter</strong></span> <span class='ocrx_word' id='word_1_81' title='bbox 731 1430 813 1484; x_wconf 87' lang='lat' dir='ltr'><strong>ileum</strong></span> <span class='ocrx_word' id='word_1_82' title='bbox 828 1426 898 1481; x_wconf 88' lang='lat' dir='ltr'><strong>allici</strong></span> <span class='ocrx_word' id='word_1_83' title='bbox 921 1440 981 1481; x_wconf 91' lang='lat' dir='ltr'><strong>cum</strong></span> <span class='ocrx_word' id='word_1_84' title='bbox 994 1439 1042 1479; x_wconf 82' lang='lat' dir='ltr'><strong>ua·</strong></span> 
     </span>
     <span class='ocr_line' id='line_1_14' title="bbox 247 1516 1041 1592; baseline -0.013 -14"><span class='ocrx_word' id='word_1_85' title='bbox 247 1534 305 1589; x_wconf 84' lang='lat' dir='ltr'><strong>cat,</strong></span> <span class='ocrx_word' id='word_1_86' title='bbox 317 1524 395 1579; x_wconf 89' lang='lat' dir='ltr'><strong>aliter</strong></span> <span class='ocrx_word' id='word_1_87' title='bbox 406 1538 467 1578; x_wconf 89' lang='lat' dir='ltr'><strong>cum</strong></span> <span class='ocrx_word' id='word_1_88' title='bbox 479 1531 621 1592; x_wconf 86' lang='lat' dir='ltr'><strong>oporatur:</strong></span> <span class='ocrx_word' id='word_1_89' title='bbox 635 1521 694 1589; x_wconf 79' lang='lat' dir='ltr'><strong>quia</strong></span> <span class='ocrx_word' id='word_1_90' title='bbox 707 1533 757 1575; x_wconf 92' lang='lat' dir='ltr'><strong>ncc</strong></span> <span class='ocrx_word' id='word_1_91' title='bbox 769 1517 838 1573; x_wconf 77' lang='lat' dir='ltr'><strong>allici</strong></span> <span class='ocrx_word' id='word_1_92' title='bbox 852 1516 980 1572; x_wconf 85' lang='lat' dir='ltr'><strong>dicendus</strong></span> <span class='ocrx_word' id='word_1_93' title='bbox 990 1524 1041 1580; x_wconf 90' lang='lat' dir='ltr'><strong>est,</strong></span> 
     </span>
     <span class='ocr_line' id='line_1_15' title="bbox 251 1604 1042 1689; baseline -0.01 -21"><span class='ocrx_word' id='word_1_94' title='bbox 251 1622 377 1689; x_wconf 81' lang='lat' dir='ltr'><strong>tanquam</strong></span> <span class='ocrx_word' id='word_1_95' title='bbox 390 1615 416 1668; x_wconf 88' lang='lat' dir='ltr'><strong>in</strong></span> <span class='ocrx_word' id='word_1_96' title='bbox 424 1613 481 1684; x_wconf 79' lang='lat' dir='ltr'><strong>ejus</strong></span> <span class='ocrx_word' id='word_1_97' title='bbox 492 1623 585 1668; x_wconf 88' lang='lat' dir='ltr'><strong>nutura</strong></span> <span class='ocrx_word' id='word_1_98' title='bbox 599 1611 644 1666; x_wconf 87' lang='lat' dir='ltr'><strong>ssat</strong></span> <span class='ocrx_word' id='word_1_99' title='bbox 654 1604 841 1681; x_wconf 72' lang='lat' dir='ltr'><strong>ailquidguod</strong></span> <span class='ocrx_word' id='word_1_100' title='bbox 852 1623 904 1662; x_wconf 86' lang='lat' dir='ltr'><strong>trun</strong></span> <span class='ocrx_word' id='word_1_101' title='bbox 915 1616 976 1662; x_wconf 80' lang='lat' dir='ltr'><strong>atate</strong></span> <span class='ocrx_word' id='word_1_102' title='bbox 987 1607 1042 1660; x_wconf 88' lang='lat' dir='ltr'><strong>lue-</strong></span> 
     </span>
     <span class='ocr_line' id='line_1_16' title="bbox 251 1699 1042 1776; baseline -0.014 -14"><span class='ocrx_word' id='word_1_103' title='bbox 251 1706 298 1762; x_wconf 87' lang='lat' dir='ltr'><strong>rit.</strong></span> <span class='ocrx_word' id='word_1_104' title='bbox 308 1705 410 1761; x_wconf 86' lang='lat' dir='ltr'><strong>Patitur</strong></span> <span class='ocrx_word' id='word_1_105' title='bbox 426 1706 522 1776; x_wconf 87' lang='lat' dir='ltr'><strong>quippe</strong></span> <span class='ocrx_word' id='word_1_106' title='bbox 533 1704 577 1774; x_wconf 81' lang='lat' dir='ltr'><strong>qui</strong></span> <span class='ocrx_word' id='word_1_107' title='bbox 591 1702 724 1766; x_wconf 87' lang='lat' dir='ltr'><strong>allicitur,</strong></span> <span class='ocrx_word' id='word_1_108' title='bbox 741 1711 768 1756; x_wconf 91' lang='lat' dir='ltr'><strong>ct</strong></span> <span class='ocrx_word' id='word_1_109' title='bbox 776 1699 901 1755; x_wconf 89' lang='lat' dir='ltr'><strong>nmtahilc</strong></span> <span class='ocrx_word' id='word_1_110' title='bbox 911 1708 952 1754; x_wconf 88' lang='lat' dir='ltr'><strong>est</strong></span> <span class='ocrx_word' id='word_1_111' title='bbox 964 1710 1042 1752; x_wconf 88' lang='lat' dir='ltr'><strong>omne</strong></span> 
     </span>
     <span class='ocr_line' id='line_1_17' title="bbox 249 1786 1043 1869; baseline -0.011 -19"><span class='ocrx_word' id='word_1_112' title='bbox 249 1795 322 1869; x_wconf 79' lang='lat' dir='ltr'><strong>qrtod</strong></span> <span class='ocrx_word' id='word_1_113' title='bbox 334 1795 432 1867; x_wconf 85' lang='lat' dir='ltr'><strong>aliquid</strong></span> <span class='ocrx_word' id='word_1_114' title='bbox 446 1794 618 1866; x_wconf 76' lang='lat' dir='ltr'><strong>potitumlinn</strong></span> <span class='ocrx_word' id='word_1_115' title='bbox 627 1792 749 1863; x_wconf 84' lang='lat' dir='ltr'><strong>itaqrrein</strong></span> <span class='ocrx_word' id='word_1_116' title='bbox 759 1791 818 1862; x_wconf 86' lang='lat' dir='ltr'><strong>ejus</strong></span> <span class='ocrx_word' id='word_1_117' title='bbox 827 1789 963 1844; x_wconf 86' lang='lat' dir='ltr'><strong>vacatione</strong></span> <span class='ocrx_word' id='word_1_118' title='bbox 971 1786 1043 1857; x_wconf 89' lang='lat' dir='ltr'><strong>cogi·</strong></span> 
     </span>
     <span class='ocr_line' id='line_1_18' title="bbox 251 1878 1042 1957; baseline -0.016 -14"><span class='ocrx_word' id='word_1_119' title='bbox 251 1895 323 1943; x_wconf 87' lang='lat' dir='ltr'><strong>tetur</strong></span> <span class='ocrx_word' id='word_1_120' title='bbox 335 1886 448 1957; x_wconf 86' lang='lat' dir='ltr'><strong>ignavia,</strong></span> <span class='ocrx_word' id='word_1_121' title='bbox 457 1885 568 1949; x_wconf 86' lang='lat' dir='ltr'><strong>desidia,</strong></span> <span class='ocrx_word' id='word_1_122' title='bbox 584 1885 677 1939; x_wconf 88' lang='lat' dir='ltr'><strong>inertia</strong></span> <span class='ocrx_word' id='word_1_123' title='bbox 689 1900 696 1948; x_wconf 92' lang='lat'>;</span> <span class='ocrx_word' id='word_1_124' title='bbox 712 1881 780 1938; x_wconf 90' lang='lat' dir='ltr'><strong>sicut</strong></span> <span class='ocrx_word' id='word_1_125' title='bbox 794 1895 843 1936; x_wconf 92' lang='lat' dir='ltr'><strong>nec</strong></span> <span class='ocrx_word' id='word_1_126' title='bbox 856 1879 882 1934; x_wconf 92' lang='lat' dir='ltr'><strong>in</strong></span> <span class='ocrx_word' id='word_1_127' title='bbox 894 1878 952 1949; x_wconf 83' lang='lat' dir='ltr'><strong>ejus</strong></span> <span class='ocrx_word' id='word_1_128' title='bbox 961 1891 1042 1947; x_wconf 89' lang='lat' dir='ltr'><strong>opero</strong></span> 
     </span>
     <span class='ocr_line' id='line_1_19' title="bbox 251 1971 1043 2044; baseline -0.013 -12"><span class='ocrx_word' id='word_1_129' title='bbox 251 1977 338 2042; x_wconf 87' lang='lat' dir='ltr'><strong>labor,</strong></span> <span class='ocrx_word' id='word_1_130' title='bbox 352 1986 473 2042; x_wconf 88' lang='lat' dir='ltr'><strong>conatus,</strong></span> <span class='ocrx_word' id='word_1_131' title='bbox 497 1975 635 2030; x_wconf 87' lang='lat' dir='ltr'><strong>industria.</strong></span> <span class='ocrx_word' id='word_1_132' title='bbox 651 1973 729 2029; x_wconf 86' lang='lat' dir='ltr'><strong>Noeit</strong></span> <span class='ocrx_word' id='word_1_133' title='bbox 750 1971 891 2044; x_wconf 76' lang='lat' dir='ltr'>quiescens</span> <span class='ocrx_word' id='word_1_134' title='bbox 905 1983 998 2041; x_wconf 90' lang='lat' dir='ltr'><strong>agere,</strong></span> <span class='ocrx_word' id='word_1_135' title='bbox 1014 1975 1043 2022; x_wconf 89' lang='lat' dir='ltr'><strong>ct</strong></span> 
     </span>
     <span class='ocr_line' id='line_1_20' title="bbox 250 2065 1041 2141; baseline -0.019 -17"><span class='ocrx_word' id='word_1_136' title='bbox 250 2085 332 2141; x_wconf 84' lang='lat' dir='ltr'><strong>agens</strong></span> <span class='ocrx_word' id='word_1_137' title='bbox 346 2069 492 2140; x_wconf 83' lang='lat' dir='ltr'><strong>qrriesoetc.</strong></span> <span class='ocrx_word' id='word_1_138' title='bbox 505 2066 598 2122; x_wconf 86' lang='lat' dir='ltr'><strong>Potest</strong></span> <span class='ocrx_word' id='word_1_139' title='bbox 608 2065 641 2121; x_wconf 88' lang='lat' dir='ltr'><strong>ad</strong></span> <span class='ocrx_word' id='word_1_140' title='bbox 662 2079 729 2135; x_wconf 87' lang='lat' dir='ltr'><strong>opus</strong></span> <span class='ocrx_word' id='word_1_141' title='bbox 742 2078 850 2127; x_wconf 83' lang='lat' dir='ltr'><strong>novant,</strong></span> <span class='ocrx_word' id='word_1_142' title='bbox 866 2076 918 2115; x_wconf 79' lang='lat' dir='ltr'><strong>ntro</strong></span> <span class='ocrx_word' id='word_1_143' title='bbox 933 2072 1041 2124; x_wconf 84' lang='lat' dir='ltr'><strong>notum,</strong></span> 
     </span>
     <span class='ocr_line' id='line_1_21' title="bbox 251 2147 1042 2229; baseline -0.018 -14"><span class='ocrx_word' id='word_1_144' title='bbox 251 2159 299 2215; x_wconf 88' lang='lat' dir='ltr'><strong>sed</strong></span> <span class='ocrx_word' id='word_1_145' title='bbox 321 2158 510 2229; x_wconf 88' lang='lat' dir='ltr'><strong>sempiternum</strong></span> <span class='ocrx_word' id='word_1_146' title='bbox 521 2155 648 2212; x_wconf 87' lang='lat' dir='ltr'><strong>adhibere</strong></span> <span class='ocrx_word' id='word_1_147' title='bbox 658 2154 799 2209; x_wconf 87' lang='lat' dir='ltr'><strong>corrsilium</strong></span> <span class='ocrx_word' id='word_1_148' title='bbox 809 2169 817 2217; x_wconf 86' lang='grc'><strong>;</strong></span> <span class='ocrx_word' id='word_1_149' title='bbox 829 2166 878 2207; x_wconf 82' lang='grc' dir='ltr'><strong>ηεε</strong></span> <span class='ocrx_word' id='word_1_150' title='bbox 890 2147 1042 2222; x_wconf 86' lang='lat' dir='ltr'><strong>poenitendo</strong></span> 
     </span>
     <span class='ocr_line' id='line_1_22' title="bbox 247 2241 1040 2322; baseline -0.01 -17"><span class='ocrx_word' id='word_1_151' title='bbox 247 2249 312 2322; x_wconf 72' lang='lat' dir='ltr'><strong>quia</strong></span> <span class='ocrx_word' id='word_1_152' title='bbox 326 2249 399 2320; x_wconf 89' lang='lat' dir='ltr'><strong>prins</strong></span> <span class='ocrx_word' id='word_1_153' title='bbox 411 2262 485 2303; x_wconf 88' lang='lat' dir='ltr'><strong>cossa</strong></span> <span class='ocrx_word' id='word_1_154' title='bbox 497 2255 570 2302; x_wconf 84' lang='lat' dir='ltr'><strong>terat</strong></span> <span class='ocrx_word' id='word_1_155' title='bbox 580 2288 588 2313; x_wconf 92' lang='lat'><strong>,</strong></span> <span class='ocrx_word' id='word_1_156' title='bbox 600 2246 681 2317; x_wconf 86' lang='lat' dir='ltr'><strong>coepit</strong></span> <span class='ocrx_word' id='word_1_157' title='bbox 693 2245 780 2300; x_wconf 88' lang='lat' dir='ltr'><strong>lacere</strong></span> <span class='ocrx_word' id='word_1_158' title='bbox 790 2241 860 2315; x_wconf 81' lang='lat' dir='ltr'><strong>quod</strong></span> <span class='ocrx_word' id='word_1_159' title='bbox 868 2258 920 2298; x_wconf 93' lang='lat' dir='ltr'><strong>non</strong></span> <span class='ocrx_word' id='word_1_160' title='bbox 931 2242 1040 2297; x_wconf 87' lang='lat' dir='ltr'><strong>lecerat.</strong></span> 
     </span>
     <span class='ocr_line' id='line_1_23' title="bbox 250 2330 1042 2411; baseline -0.014 -13"><span class='ocrx_word' id='word_1_161' title='bbox 250 2340 305 2398; x_wconf 85' lang='lat' dir='ltr'><strong>Sed</strong></span> <span class='ocrx_word' id='word_1_162' title='bbox 315 2341 371 2397; x_wconf 85' lang='lat' dir='ltr'><strong>etsi</strong></span> <span class='ocrx_word' id='word_1_163' title='bbox 382 2341 454 2411; x_wconf 87' lang='lat' dir='ltr'><strong>prius</strong></span> <span class='ocrx_word' id='word_1_164' title='bbox 466 2339 623 2406; x_wconf 76' lang='lat' dir='ltr'><strong>cessant,et</strong></span> <span class='ocrx_word' id='word_1_165' title='bbox 633 2335 763 2408; x_wconf 76' lang='lat' dir='ltr'><strong>posterius</strong></span> <span class='ocrx_word' id='word_1_166' title='bbox 774 2342 897 2407; x_wconf 84' lang='lat' dir='ltr'><strong>operatus</strong></span> <span class='ocrx_word' id='word_1_167' title='bbox 909 2342 950 2388; x_wconf 88' lang='lat' dir='ltr'><strong>est</strong></span> <span class='ocrx_word' id='word_1_168' title='bbox 962 2330 1042 2404; x_wconf 85' lang='lat' dir='ltr'><strong>(quod</strong></span> 
     </span>
     <span class='ocr_line' id='line_1_24' title="bbox 248 2422 1042 2501; baseline -0.013 -13"><span class='ocrx_word' id='word_1_169' title='bbox 248 2424 342 2488; x_wconf 81' lang='lat' dir='ltr'><strong>nescio</strong></span> <span class='ocrx_word' id='word_1_170' title='bbox 354 2426 576 2501; x_wconf 77' lang='lat' dir='ltr'><strong>quaemadmodum</strong></span> <span class='ocrx_word' id='word_1_171' title='bbox 589 2426 624 2483; x_wconf 90' lang='lat' dir='ltr'><strong>ab</strong></span> <span class='ocrx_word' id='word_1_172' title='bbox 638 2425 746 2481; x_wconf 90' lang='lat' dir='ltr'><strong>homine</strong></span> <span class='ocrx_word' id='word_1_173' title='bbox 757 2425 841 2496; x_wconf 88' lang='lat' dir='ltr'><strong>possit</strong></span> <span class='ocrx_word' id='word_1_174' title='bbox 850 2422 983 2494; x_wconf 72' lang='lat' dir='ltr'><strong>intelligi),</strong></span> <span class='ocrx_word' id='word_1_175' title='bbox 992 2422 1042 2478; x_wconf 89' lang='lat' dir='ltr'><strong>boo</strong></span> 
     </span>
     <span class='ocr_line' id='line_1_25' title="bbox 250 2511 1043 2591; baseline -0.011 -15"><span class='ocrx_word' id='word_1_176' title='bbox 250 2520 343 2591; x_wconf 88' lang='lat' dir='ltr'><strong>procul</strong></span> <span class='ocrx_word' id='word_1_177' title='bbox 353 2518 435 2575; x_wconf 82' lang='lat' dir='ltr'><strong>(lubio</strong></span> <span class='ocrx_word' id='word_1_178' title='bbox 444 2519 514 2590; x_wconf 81' lang='lat' dir='ltr'><strong>grand</strong></span> <span class='ocrx_word' id='word_1_179' title='bbox 527 2518 634 2583; x_wconf 86' lang='lat' dir='ltr'><strong>dicitur,</strong></span> <span class='ocrx_word' id='word_1_180' title='bbox 647 2515 756 2587; x_wconf 82' lang='lat' dir='ltr'><strong>ptinsct</strong></span> <span class='ocrx_word' id='word_1_181' title='bbox 766 2514 909 2585; x_wconf 76' lang='lat' dir='ltr'><strong>posterius,</strong></span> <span class='ocrx_word' id='word_1_182' title='bbox 923 2514 949 2567; x_wconf 94' lang='lat' dir='ltr'><strong>in</strong></span> <span class='ocrx_word' id='word_1_183' title='bbox 964 2511 1043 2569; x_wconf 87' lang='lat' dir='ltr'><strong>rebus</strong></span> 
     </span>
     <span class='ocr_line' id='line_1_26' title="bbox 249 2602 1041 2683; baseline -0.013 -15"><span class='ocrx_word' id='word_1_184' title='bbox 249 2602 385 2683; x_wconf 81' lang='lat' dir='ltr'><strong>priusnon</strong></span> <span class='ocrx_word' id='word_1_185' title='bbox 395 2611 566 2668; x_wconf 86' lang='lat' dir='ltr'><strong>existentibus</strong></span> <span class='ocrx_word' id='word_1_186' title='bbox 577 2603 603 2664; x_wconf 82' lang='grc' dir='ltr'><strong>ει</strong></span> <span class='ocrx_word' id='word_1_187' title='bbox 613 2608 745 2681; x_wconf 84' lang='lat' dir='ltr'><strong>posterius</strong></span> <span class='ocrx_word' id='word_1_188' title='bbox 760 2607 935 2664; x_wconf 86' lang='lat' dir='ltr'><strong>existentibus</strong></span> <span class='ocrx_word' id='word_1_189' title='bbox 942 2603 1001 2661; x_wconf 86' lang='lat' dir='ltr'><strong>luit.</strong></span> <span class='ocrx_word' id='word_1_190' title='bbox 1014 2603 1041 2659; x_wconf 91' lang='lat' dir='ltr'><strong>ln</strong></span> 
     </span>
     <span class='ocr_line' id='line_1_27' title="bbox 251 2697 1042 2772; baseline -0.008 -14"><span class='ocrx_word' id='word_1_191' title='bbox 251 2702 300 2759; x_wconf 96' lang='lat' dir='ltr'><strong>lllo</strong></span> <span class='ocrx_word' id='word_1_192' title='bbox 309 2714 396 2757; x_wconf 91' lang='lat' dir='ltr'><strong>antem</strong></span> <span class='ocrx_word' id='word_1_193' title='bbox 405 2717 457 2756; x_wconf 90' lang='lat' dir='ltr'><strong>non</strong></span> <span class='ocrx_word' id='word_1_194' title='bbox 465 2701 574 2756; x_wconf 85' lang='lat' dir='ltr'><strong>alterurn</strong></span> <span class='ocrx_word' id='word_1_195' title='bbox 586 2699 780 2772; x_wconf 87' lang='lat' dir='ltr'><strong>praecedentem</strong></span> <span class='ocrx_word' id='word_1_196' title='bbox 786 2698 868 2754; x_wconf 89' lang='lat' dir='ltr'><strong>altera</strong></span> <span class='ocrx_word' id='word_1_197' title='bbox 879 2697 1042 2768; x_wconf 84' lang='lat' dir='ltr'><strong>subsequens</strong></span> 
     </span>
     <span class='ocr_line' id='line_1_28' title="bbox 248 2785 1043 2857; baseline -0.006 -10"><span class='ocrx_word' id='word_1_198' title='bbox 248 2791 363 2847; x_wconf 77' lang='lat' dir='ltr'><strong>muhavia</strong></span> <span class='ocrx_word' id='word_1_199' title='bbox 380 2798 427 2846; x_wconf 91' lang='lat' dir='ltr'><strong>aot</strong></span> <span class='ocrx_word' id='word_1_200' title='bbox 438 2789 549 2847; x_wconf 86' lang='lat' dir='ltr'><strong>abstulit</strong></span> <span class='ocrx_word' id='word_1_201' title='bbox 563 2790 743 2856; x_wconf 81' lang='lat' dir='ltr'><strong>voluntatem,</strong></span> <span class='ocrx_word' id='word_1_202' title='bbox 764 2787 812 2844; x_wconf 80' lang='lat' dir='ltr'><strong>secl</strong></span> <span class='ocrx_word' id='word_1_203' title='bbox 823 2801 875 2843; x_wconf 89' lang='lat' dir='ltr'><strong>uua</strong></span> <span class='ocrx_word' id='word_1_204' title='bbox 894 2785 1043 2857; x_wconf 79' lang='lat' dir='ltr'><strong>cademque</strong></span> 
     </span>
     <span class='ocr_line' id='line_1_29' title="bbox 250 2875 1041 2952; baseline -0.011 -13"><span class='ocrx_word' id='word_1_205' title='bbox 250 2883 413 2952; x_wconf 82' lang='lat' dir='ltr'><strong>sempiterna</strong></span> <span class='ocrx_word' id='word_1_206' title='bbox 427 2889 455 2936; x_wconf 91' lang='lat' dir='ltr'><strong>et</strong></span> <span class='ocrx_word' id='word_1_207' title='bbox 465 2879 619 2936; x_wconf 77' lang='lat' dir='ltr'><strong>immutabili</strong></span> <span class='ocrx_word' id='word_1_208' title='bbox 636 2880 770 2935; x_wconf 83' lang='lat' dir='ltr'><strong>eolurrtato</strong></span> <span class='ocrx_word' id='word_1_209' title='bbox 783 2893 827 2934; x_wconf 87' lang='lat' dir='ltr'><strong>res</strong></span> <span class='ocrx_word' id='word_1_210' title='bbox 837 2875 1041 2949; x_wconf 83' lang='lat' dir='ltr'><strong>qoascootlidit,</strong></span> 
     </span>
     <span class='ocr_line' id='line_1_30' title="bbox 249 2967 1043 3044; baseline -0.009 -14"><span class='ocrx_word' id='word_1_211' title='bbox 249 2984 321 3031; x_wconf 84' lang='lat' dir='ltr'><strong>etot</strong></span> <span class='ocrx_word' id='word_1_212' title='bbox 335 2974 408 3044; x_wconf 90' lang='lat' dir='ltr'><strong>prius</strong></span> <span class='ocrx_word' id='word_1_213' title='bbox 422 2988 474 3029; x_wconf 80' lang='lat' dir='ltr'><strong>raon</strong></span> <span class='ocrx_word' id='word_1_214' title='bbox 488 2981 579 3028; x_wconf 79' lang='lat' dir='ltr'><strong>essent</strong></span> <span class='ocrx_word' id='word_1_215' title='bbox 591 2971 655 3044; x_wconf 89' lang='lat' dir='ltr'><strong>egit,</strong></span> <span class='ocrx_word' id='word_1_216' title='bbox 672 2971 797 3042; x_wconf 88' lang='lat' dir='ltr'><strong>quatndiu</strong></span> <span class='ocrx_word' id='word_1_217' title='bbox 808 2985 860 3025; x_wconf 93' lang='lat' dir='ltr'><strong>non</strong></span> <span class='ocrx_word' id='word_1_218' title='bbox 874 2967 1000 3036; x_wconf 89' lang='lat' dir='ltr'><strong>luerunt,</strong></span> <span class='ocrx_word' id='word_1_219' title='bbox 1015 2975 1043 3024; x_wconf 86' lang='lat' dir='ltr'><strong>ct</strong></span> 
     </span>
     <span class='ocr_line' id='line_1_31' title="bbox 251 3057 1043 3135; baseline -0.008 -15"><span class='ocrx_word' id='word_1_220' title='bbox 251 3076 280 3120; x_wconf 88' lang='lat' dir='ltr'><strong>ot</strong></span> <span class='ocrx_word' id='word_1_221' title='bbox 291 3064 421 3135; x_wconf 82' lang='lat' dir='ltr'><strong>posterius</strong></span> <span class='ocrx_word' id='word_1_222' title='bbox 431 3071 538 3130; x_wconf 86' lang='lat' dir='ltr'><strong>essent,</strong></span> <span class='ocrx_word' id='word_1_223' title='bbox 552 3061 661 3133; x_wconf 83' lang='lat' dir='ltr'><strong>quarrdo</strong></span> <span class='ocrx_word' id='word_1_224' title='bbox 680 3075 741 3117; x_wconf 86' lang='lat' dir='ltr'><strong>esse</strong></span> <span class='ocrx_word' id='word_1_225' title='bbox 753 3067 892 3130; x_wconf 85' lang='lat' dir='ltr'><strong>coeperunt</strong></span> <span class='ocrx_word' id='word_1_226' title='bbox 906 3077 913 3113; x_wconf 76' lang='grc' dir='ltr'><strong>ε</strong></span> <span class='ocrx_word' id='word_1_227' title='bbox 928 3057 990 3114; x_wconf 88' lang='lat' dir='ltr'><strong>hinc</strong></span> <span class='ocrx_word' id='word_1_228' title='bbox 1003 3058 1043 3114; x_wconf 89' lang='lat' dir='ltr'><strong>eis</strong></span> 
     </span>
     <span class='ocr_line' id='line_1_32' title="bbox 249 3149 1041 3232; baseline -0.01 -17"><span class='ocrx_word' id='word_1_229' title='bbox 249 3159 296 3232; x_wconf 78' lang='lat' dir='ltr'><strong>gui</strong></span> <span class='ocrx_word' id='word_1_230' title='bbox 320 3157 381 3212; x_wconf 84' lang='lat' dir='ltr'><strong>talia</strong></span> <span class='ocrx_word' id='word_1_231' title='bbox 397 3156 488 3212; x_wconf 86' lang='lat' dir='ltr'><strong>videre</strong></span> <span class='ocrx_word' id='word_1_232' title='bbox 502 3149 613 3226; x_wconf 84' lang='lat' dir='ltr'><strong>possunt</strong></span> <span class='ocrx_word' id='word_1_233' title='bbox 638 3153 796 3210; x_wconf 88' lang='lat' dir='ltr'><strong>mirabiliter</strong></span> <span class='ocrx_word' id='word_1_234' title='bbox 810 3149 930 3208; x_wconf 79' lang='lat' dir='ltr'><strong>ittrtassis</strong></span> <span class='ocrx_word' id='word_1_235' title='bbox 949 3161 1041 3207; x_wconf 80' lang='grc' dir='ltr'><strong>εειεε-</strong></span> 
     </span>
     <span class='ocr_line' id='line_1_33' title="bbox 251 3243 1042 3320; baseline -0.009 -15"><span class='ocrx_word' id='word_1_236' title='bbox 251 3245 319 3306; x_wconf 84' lang='lat' dir='ltr'><strong>ticns</strong></span> <span class='ocrx_word' id='word_1_237' title='bbox 331 3288 341 3316; x_wconf 91' lang='lat'><strong>,</strong></span> <span class='ocrx_word' id='word_1_238' title='bbox 353 3263 431 3320; x_wconf 77' lang='lat' dir='ltr'><strong>quiana</strong></span> <span class='ocrx_word' id='word_1_239' title='bbox 447 3262 498 3304; x_wconf 92' lang='lat' dir='ltr'><strong>uon</strong></span> <span class='ocrx_word' id='word_1_240' title='bbox 512 3247 550 3304; x_wconf 86' lang='lat' dir='ltr'><strong>eis</strong></span> <span class='ocrx_word' id='word_1_241' title='bbox 562 3245 721 3318; x_wconf 74' lang='lat' dir='ltr'><strong>indiguerit,</strong></span> <span class='ocrx_word' id='word_1_242' title='bbox 737 3243 784 3301; x_wconf 82' lang='lat' dir='ltr'><strong>sed</strong></span> <span class='ocrx_word' id='word_1_243' title='bbox 806 3260 852 3301; x_wconf 86' lang='lat' dir='ltr'><strong>eas</strong></span> <span class='ocrx_word' id='word_1_244' title='bbox 864 3243 978 3316; x_wconf 79' lang='lat' dir='ltr'><strong>gratuita</strong></span> <span class='ocrx_word' id='word_1_245' title='bbox 992 3243 1042 3298; x_wconf 84' lang='lat' dir='ltr'><strong>bo-</strong></span> 
     </span>
     <span class='ocr_line' id='line_1_34' title="bbox 252 3332 1042 3403; baseline -0.008 -8"><span class='ocrx_word' id='word_1_246' title='bbox 252 3339 338 3395; x_wconf 76' lang='lat' dir='ltr'><strong>nicrte</strong></span> <span class='ocrx_word' id='word_1_247' title='bbox 360 3335 511 3394; x_wconf 87' lang='lat' dir='ltr'><strong>corrdiderit</strong></span> <span class='ocrx_word' id='word_1_248' title='bbox 524 3378 532 3403; x_wconf 89' lang='lat'><strong>,</strong></span> <span class='ocrx_word' id='word_1_249' title='bbox 546 3351 606 3391; x_wconf 87' lang='lat' dir='ltr'><strong>curn</strong></span> <span class='ocrx_word' id='word_1_250' title='bbox 620 3337 678 3391; x_wconf 86' lang='lat' dir='ltr'><strong>sine</strong></span> <span class='ocrx_word' id='word_1_251' title='bbox 697 3335 749 3390; x_wconf 88' lang='lat' dir='ltr'><strong>illis</strong></span> <span class='ocrx_word' id='word_1_252' title='bbox 762 3351 796 3389; x_wconf 80' lang='lat' dir='ltr'><strong>ex</strong></span> <span class='ocrx_word' id='word_1_253' title='bbox 808 3335 957 3390; x_wconf 77' lang='lat' dir='ltr'><strong>aeternitate</strong></span> <span class='ocrx_word' id='word_1_254' title='bbox 968 3332 1042 3389; x_wconf 88' lang='lat' dir='ltr'><strong>initio</strong></span> 
     </span>
     <span class='ocr_line' id='line_1_35' title="bbox 248 3425 892 3507; baseline -0.009 -24"><span class='ocrx_word' id='word_1_255' title='bbox 248 3437 362 3507; x_wconf 77' lang='lat' dir='ltr'><strong>caretate</strong></span> <span class='ocrx_word' id='word_1_256' title='bbox 373 3427 399 3482; x_wconf 93' lang='lat' dir='ltr'><strong>in</strong></span> <span class='ocrx_word' id='word_1_257' title='bbox 413 3443 466 3480; x_wconf 90' lang='lat' dir='ltr'><strong>non</strong></span> <span class='ocrx_word' id='word_1_258' title='bbox 479 3426 584 3482; x_wconf 76' lang='lat' dir='ltr'><strong>mitiore</strong></span> <span class='ocrx_word' id='word_1_259' title='bbox 598 3425 724 3480; x_wconf 77' lang='lat' dir='ltr'><strong>boeticae</strong></span> <span class='ocrx_word' id='word_1_260' title='bbox 738 3425 892 3494; x_wconf 85' lang='lat' dir='ltr'><strong>permansit.</strong></span> 
     </span>
    </p>
   </div>
   <div class='ocr_carea' id='block_1_5' title="bbox 251 3533 1041 3695">
    <p class='ocr_par' dir='ltr' id='par_1_5' title="bbox 251 3533 1041 3695">
     <span class='ocr_line' id='line_1_36' title="bbox 251 3533 1041 3603; baseline -0.024 -8"><span class='ocrx_word' id='word_1_261' title='bbox 251 3537 366 3596; x_wconf 72' lang='lat' dir='ltr'><strong>etl‘tll</strong></span> <span class='ocrx_word' id='word_1_262' title='bbox 380 3535 472 3592; x_wconf 79' lang='lat' dir='ltr'><strong>xliii.</strong></span> <span class='ocrx_word' id='word_1_263' title='bbox 483 3566 519 3577; x_wconf 88' lang='lat'>—</span> <span class='ocrx_word' id='word_1_264' title='bbox 531 3533 625 3590; x_wconf 80' lang='lat' dir='ltr'><strong>Contra</strong></span> <span class='ocrx_word' id='word_1_265' title='bbox 638 3549 679 3588; x_wconf 91' lang='lat' dir='ltr'><strong>eot</strong></span> <span class='ocrx_word' id='word_1_266' title='bbox 692 3534 736 3600; x_wconf 83' lang='lat' dir='ltr'><strong>gni</strong></span> <span class='ocrx_word' id='word_1_267' title='bbox 749 3533 854 3596; x_wconf 84' lang='lat' dir='ltr'><strong>dicunt,</strong></span> <span class='ocrx_word' id='word_1_268' title='bbox 870 3549 900 3588; x_wconf 85' lang='lat' dir='ltr'><strong>ea</strong></span> <span class='ocrx_word' id='word_1_269' title='bbox 913 3549 969 3601; x_wconf 78' lang='lat' dir='ltr'><strong>gete</strong></span> <span class='ocrx_word' id='word_1_270' title='bbox 980 3533 1041 3603; x_wconf 68' lang='lat' dir='ltr'><strong>inpi-</strong></span> 
     </span>
     <span class='ocr_line' id='line_1_37' title="bbox 263 3622 969 3695; baseline -0.008 -13"><span class='ocrx_word' id='word_1_271' title='bbox 263 3684 266 3689; x_wconf 77' lang='grc'><em>,</em></span> <span class='ocrx_word' id='word_1_272' title='bbox 324 3628 376 3680; x_wconf 87' lang='lat' dir='ltr'><strong>nita</strong></span> <span class='ocrx_word' id='word_1_273' title='bbox 389 3637 447 3681; x_wconf 85' lang='lat' dir='ltr'><strong>rmrt</strong></span> <span class='ocrx_word' id='word_1_274' title='bbox 460 3641 505 3680; x_wconf 87' lang='lat' dir='ltr'><strong>uec</strong></span> <span class='ocrx_word' id='word_1_275' title='bbox 518 3623 566 3678; x_wconf 84' lang='lat' dir='ltr'><strong>bei</strong></span> <span class='ocrx_word' id='word_1_276' title='bbox 578 3640 652 3695; x_wconf 85' lang='lat' dir='ltr'><strong>poure</strong></span> <span class='ocrx_word' id='word_1_277' title='bbox 663 3622 770 3677; x_wconf 80' lang='lat' dir='ltr'><strong>scientio</strong></span> <span class='ocrx_word' id='word_1_278' title='bbox 782 3622 969 3692; x_wconf 81' lang='lat' dir='ltr'><strong>comprehendi.</strong></span> 
     </span>
    </p>
   </div>
   <div class='ocr_carea' id='block_1_6' title="bbox 233 3734 1042 5177">
    <p class='ocr_par' dir='ltr' id='par_1_6' title="bbox 233 3734 1042 5177">
     <span class='ocr_line' id='line_1_38' title="bbox 289 3734 1042 3807; baseline -0.008 -11"><span class='ocrx_word' id='word_1_279' title='bbox 289 3740 355 3796; x_wconf 93' lang='lat' dir='ltr'><strong>lllud</strong></span> <span class='ocrx_word' id='word_1_280' title='bbox 369 3748 458 3795; x_wconf 87' lang='lat' dir='ltr'><strong>atrtcm</strong></span> <span class='ocrx_word' id='word_1_281' title='bbox 480 3735 551 3794; x_wconf 88' lang='lat' dir='ltr'><strong>aliud</strong></span> <span class='ocrx_word' id='word_1_282' title='bbox 565 3737 635 3807; x_wconf 84' lang='lat' dir='ltr'><strong>guod</strong></span> <span class='ocrx_word' id='word_1_283' title='bbox 659 3736 771 3802; x_wconf 90' lang='lat' dir='ltr'><strong>dicunt,</strong></span> <span class='ocrx_word' id='word_1_284' title='bbox 795 3750 845 3791; x_wconf 87' lang='lat' dir='ltr'><strong>nec</strong></span> <span class='ocrx_word' id='word_1_285' title='bbox 867 3734 914 3790; x_wconf 85' lang='lat' dir='ltr'><strong>Dei</strong></span> <span class='ocrx_word' id='word_1_286' title='bbox 933 3735 1042 3791; x_wconf 86' lang='lat' dir='ltr'><strong>scientia</strong></span> 
     </span>
     <span class='ocr_line' id='line_1_39' title="bbox 251 3825 1042 3905; baseline -0.009 -17"><span class='ocrx_word' id='word_1_287' title='bbox 251 3848 315 3905; x_wconf 72' lang='lat' dir='ltr'><strong>qum</strong></span> <span class='ocrx_word' id='word_1_288' title='bbox 325 3833 429 3888; x_wconf 84' lang='lat' dir='ltr'><strong>irrhrrita</strong></span> <span class='ocrx_word' id='word_1_289' title='bbox 443 3839 506 3886; x_wconf 85' lang='lat' dir='ltr'><strong>suot</strong></span> <span class='ocrx_word' id='word_1_290' title='bbox 519 3842 598 3900; x_wconf 84' lang='lat' dir='ltr'><strong>posse</strong></span> <span class='ocrx_word' id='word_1_291' title='bbox 618 3825 807 3898; x_wconf 87' lang='lat' dir='ltr'><strong>comprehendi</strong></span> <span class='ocrx_word' id='word_1_292' title='bbox 819 3842 827 3893; x_wconf 91' lang='lat'>;</span> <span class='ocrx_word' id='word_1_293' title='bbox 852 3836 934 3882; x_wconf 87' lang='lat' dir='ltr'><strong>restat</strong></span> <span class='ocrx_word' id='word_1_294' title='bbox 960 3828 1000 3882; x_wconf 90' lang='lat' dir='ltr'><strong>eis</strong></span> <span class='ocrx_word' id='word_1_295' title='bbox 1013 3837 1042 3881; x_wconf 91' lang='lat' dir='ltr'><strong>ut</strong></span> 
     </span>
     <span class='ocr_line' id='line_1_40' title="bbox 255 3916 1042 3990; baseline -0.015 -9"><span class='ocrx_word' id='word_1_296' title='bbox 255 3924 346 3981; x_wconf 69' lang='lat' dir='ltr'><strong>licere</strong></span> <span class='ocrx_word' id='word_1_297' title='bbox 359 3922 485 3988; x_wconf 85' lang='lat' dir='ltr'><strong>audeaut,</strong></span> <span class='ocrx_word' id='word_1_298' title='bbox 500 3928 580 3990; x_wconf 85' lang='lat' dir='ltr'><strong>atque</strong></span> <span class='ocrx_word' id='word_1_299' title='bbox 593 3919 654 3975; x_wconf 92' lang='lat' dir='ltr'><strong>huic</strong></span> <span class='ocrx_word' id='word_1_300' title='bbox 667 3933 696 3975; x_wconf 88' lang='lat' dir='ltr'><strong>se</strong></span> <span class='ocrx_word' id='word_1_301' title='bbox 711 3916 832 3988; x_wconf 76' lang='lat' dir='ltr'><strong>voragini</strong></span> <span class='ocrx_word' id='word_1_302' title='bbox 844 3916 981 3988; x_wconf 77' lang='lat' dir='ltr'><strong>protunda</strong></span> <span class='ocrx_word' id='word_1_303' title='bbox 993 3918 1042 3970; x_wconf 93' lang='lat' dir='ltr'><strong>im-</strong></span> 
     </span>
     <span class='ocr_line' id='line_1_41' title="bbox 252 4009 1042 4087; baseline -0.009 -17"><span class='ocrx_word' id='word_1_304' title='bbox 252 4016 361 4087; x_wconf 73' lang='lat' dir='ltr'><strong>pieattis</strong></span> <span class='ocrx_word' id='word_1_305' title='bbox 374 4015 544 4084; x_wconf 86' lang='lat' dir='ltr'><strong>immergant,</strong></span> <span class='ocrx_word' id='word_1_306' title='bbox 556 4010 626 4083; x_wconf 84' lang='lat' dir='ltr'><strong>guod</strong></span> <span class='ocrx_word' id='word_1_307' title='bbox 641 4026 695 4066; x_wconf 94' lang='lat' dir='ltr'><strong>non</strong></span> <span class='ocrx_word' id='word_1_308' title='bbox 711 4024 804 4065; x_wconf 88' lang='lat' dir='ltr'><strong>ornnes</strong></span> <span class='ocrx_word' id='word_1_309' title='bbox 829 4023 954 4065; x_wconf 88' lang='lat' dir='ltr'><strong>numeros</strong></span> <span class='ocrx_word' id='word_1_310' title='bbox 973 4009 1042 4063; x_wconf 86' lang='lat' dir='ltr'><strong>heus</strong></span> 
     </span>
     <span class='ocr_line' id='line_1_42' title="bbox 254 4101 1040 4177; baseline -0.017 -11"><span class='ocrx_word' id='word_1_311' title='bbox 254 4109 369 4166; x_wconf 84' lang='lat' dir='ltr'><strong>ttorcrit.</strong></span> <span class='ocrx_word' id='word_1_312' title='bbox 386 4107 439 4162; x_wconf 80' lang='lat' dir='ltr'><strong>Eos</strong></span> <span class='ocrx_word' id='word_1_313' title='bbox 457 4106 554 4177; x_wconf 86' lang='lat' dir='ltr'><strong>quippe</strong></span> <span class='ocrx_word' id='word_1_314' title='bbox 566 4104 686 4159; x_wconf 84' lang='lat' dir='ltr'><strong>irrlirritos</strong></span> <span class='ocrx_word' id='word_1_315' title='bbox 697 4116 757 4159; x_wconf 82' lang='lat' dir='ltr'><strong>esse</strong></span> <span class='ocrx_word' id='word_1_316' title='bbox 768 4143 776 4170; x_wconf 95' lang='lat'><strong>,</strong></span> <span class='ocrx_word' id='word_1_317' title='bbox 787 4101 963 4159; x_wconf 87' lang='lat' dir='ltr'><strong>certissimum</strong></span> <span class='ocrx_word' id='word_1_318' title='bbox 977 4111 1017 4155; x_wconf 84' lang='lat' dir='ltr'><strong>est</strong></span> <span class='ocrx_word' id='word_1_319' title='bbox 1033 4117 1040 4154; x_wconf 91' lang='lat'>:</span> 
     </span>
     <span class='ocr_line' id='line_1_43' title="bbox 254 4194 1042 4271; baseline -0.01 -18"><span class='ocrx_word' id='word_1_320' title='bbox 254 4201 380 4271; x_wconf 78' lang='lat' dir='ltr'><strong>quioniam</strong></span> <span class='ocrx_word' id='word_1_321' title='bbox 395 4200 422 4254; x_wconf 92' lang='lat' dir='ltr'><strong>in</strong></span> <span class='ocrx_word' id='word_1_322' title='bbox 436 4212 603 4269; x_wconf 73' lang='lat' dir='ltr'><strong>pomumque</strong></span> <span class='ocrx_word' id='word_1_323' title='bbox 616 4211 730 4253; x_wconf 83' lang='lat' dir='ltr'><strong>nutriero</strong></span> <span class='ocrx_word' id='word_1_324' title='bbox 741 4194 820 4250; x_wconf 82' lang='lat' dir='ltr'><strong>duom</strong></span> <span class='ocrx_word' id='word_1_325' title='bbox 833 4194 983 4251; x_wconf 87' lang='lat' dir='ltr'><strong>laciendum</strong></span> <span class='ocrx_word' id='word_1_326' title='bbox 997 4209 1042 4262; x_wconf 92' lang='lat' dir='ltr'><strong>pu·</strong></span> 
     </span>
     <span class='ocr_line' id='line_1_44' title="bbox 248 4283 1042 4358; baseline -0.01 -11"><span class='ocrx_word' id='word_1_327' title='bbox 248 4290 370 4355; x_wconf 32' lang='lat' dir='ltr'><strong>ristona,</strong></span> <span class='ocrx_word' id='word_1_328' title='bbox 384 4289 453 4346; x_wconf 89' lang='lat' dir='ltr'><strong>idom</strong></span> <span class='ocrx_word' id='word_1_329' title='bbox 467 4289 541 4358; x_wconf 83' lang='lat' dir='ltr'><strong>ipso,</strong></span> <span class='ocrx_word' id='word_1_330' title='bbox 555 4303 609 4342; x_wconf 91' lang='lat' dir='ltr'><strong>non</strong></span> <span class='ocrx_word' id='word_1_331' title='bbox 622 4287 683 4342; x_wconf 91' lang='lat' dir='ltr'><strong>dico</strong></span> <span class='ocrx_word' id='word_1_332' title='bbox 694 4301 747 4341; x_wconf 91' lang='lat' dir='ltr'><strong>uno</strong></span> <span class='ocrx_word' id='word_1_333' title='bbox 759 4285 849 4342; x_wconf 86' lang='lat' dir='ltr'><strong>addito</strong></span> <span class='ocrx_word' id='word_1_334' title='bbox 869 4285 959 4355; x_wconf 85' lang='lat' dir='ltr'><strong>augeri</strong></span> <span class='ocrx_word' id='word_1_335' title='bbox 971 4326 979 4348; x_wconf 88' lang='lat'><strong>,</strong></span> <span class='ocrx_word' id='word_1_336' title='bbox 994 4283 1042 4341; x_wconf 82' lang='lat' dir='ltr'><strong>sed</strong></span> 
     </span>
     <span class='ocr_line' id='line_1_45' title="bbox 254 4377 1041 4455; baseline -0.006 -20"><span class='ocrx_word' id='word_1_337' title='bbox 254 4380 446 4455; x_wconf 76' lang='lat' dir='ltr'><strong>qrtamlibeteit</strong></span> <span class='ocrx_word' id='word_1_338' title='bbox 457 4394 568 4449; x_wconf 86' lang='lat' dir='ltr'><strong>magnus</strong></span> <span class='ocrx_word' id='word_1_339' title='bbox 578 4389 606 4434; x_wconf 92' lang='grc' dir='ltr'><strong>ει</strong></span> <span class='ocrx_word' id='word_1_340' title='bbox 615 4378 760 4449; x_wconf 82' lang='lat' dir='ltr'><strong>qrranrlibet</strong></span> <span class='ocrx_word' id='word_1_341' title='bbox 775 4378 907 4449; x_wconf 87' lang='lat' dir='ltr'><strong>ingentem</strong></span> <span class='ocrx_word' id='word_1_342' title='bbox 921 4377 1041 4433; x_wconf 87' lang='lat' dir='ltr'><strong>nrultitu·</strong></span> 
     </span>
     <span class='ocr_line' id='line_1_46' title="bbox 255 4468 1042 4539; baseline -0.008 -10"><span class='ocrx_word' id='word_1_343' title='bbox 255 4473 345 4530; x_wconf 85' lang='lat' dir='ltr'><strong>dinem</strong></span> <span class='ocrx_word' id='word_1_344' title='bbox 359 4471 499 4527; x_wconf 79' lang='lat' dir='ltr'><strong>couhrmns</strong></span> <span class='ocrx_word' id='word_1_345' title='bbox 510 4471 536 4524; x_wconf 93' lang='lat' dir='ltr'><strong>in</strong></span> <span class='ocrx_word' id='word_1_346' title='bbox 552 4470 608 4539; x_wconf 87' lang='lat' dir='ltr'><strong>ipsa</strong></span> <span class='ocrx_word' id='word_1_347' title='bbox 623 4468 728 4525; x_wconf 84' lang='lat' dir='ltr'><strong>ratione</strong></span> <span class='ocrx_word' id='word_1_348' title='bbox 739 4477 818 4538; x_wconf 81' lang='lat' dir='ltr'><strong>atoue</strong></span> <span class='ocrx_word' id='word_1_349' title='bbox 829 4469 937 4524; x_wconf 83' lang='lat' dir='ltr'><strong>soienth</strong></span> <span class='ocrx_word' id='word_1_350' title='bbox 950 4482 1042 4523; x_wconf 79' lang='lat' dir='ltr'><strong>nemro-</strong></span> 
     </span>
     <span class='ocr_line' id='line_1_47' title="bbox 254 4558 1042 4630; baseline -0.009 -9"><span class='ocrx_word' id='word_1_351' title='bbox 254 4578 366 4630; x_wconf 83' lang='lat' dir='ltr'><strong>rorum,</strong></span> <span class='ocrx_word' id='word_1_352' title='bbox 381 4577 432 4619; x_wconf 92' lang='lat' dir='ltr'><strong>oon</strong></span> <span class='ocrx_word' id='word_1_353' title='bbox 443 4560 529 4616; x_wconf 89' lang='lat' dir='ltr'><strong>solum</strong></span> <span class='ocrx_word' id='word_1_354' title='bbox 544 4558 692 4630; x_wconf 89' lang='lat' dir='ltr'><strong>duplicari,</strong></span> <span class='ocrx_word' id='word_1_355' title='bbox 706 4574 798 4614; x_wconf 85' lang='lat' dir='ltr'><strong>rerum</strong></span> <span class='ocrx_word' id='word_1_356' title='bbox 812 4559 891 4616; x_wconf 85' lang='lat' dir='ltr'><strong>otium</strong></span> <span class='ocrx_word' id='word_1_357' title='bbox 911 4559 1042 4628; x_wconf 89' lang='lat' dir='ltr'><strong>multipli·</strong></span> 
     </span>
     <span class='ocr_line' id='line_1_48' title="bbox 253 4649 1040 4725; baseline -0.01 -12"><span class='ocrx_word' id='word_1_358' title='bbox 253 4655 310 4713; x_wconf 79' lang='lat' dir='ltr'><strong>etri</strong></span> <span class='ocrx_word' id='word_1_359' title='bbox 321 4661 418 4725; x_wconf 83' lang='lat' dir='ltr'><strong>potest.</strong></span> <span class='ocrx_word' id='word_1_360' title='bbox 433 4653 471 4708; x_wconf 89' lang='lat' dir='ltr'><strong>lta</strong></span> <span class='ocrx_word' id='word_1_361' title='bbox 482 4651 610 4708; x_wconf 82' lang='lat' dir='ltr'><strong>rorosuis</strong></span> <span class='ocrx_word' id='word_1_362' title='bbox 620 4651 732 4721; x_wconf 74' lang='lat' dir='ltr'><strong>queisque</strong></span> <span class='ocrx_word' id='word_1_363' title='bbox 751 4664 878 4705; x_wconf 87' lang='lat' dir='ltr'><strong>numerus</strong></span> <span class='ocrx_word' id='word_1_364' title='bbox 892 4649 1040 4720; x_wconf 89' lang='lat' dir='ltr'><strong>proprieta-</strong></span> 
     </span>
     <span class='ocr_line' id='line_1_49' title="bbox 254 4742 1041 4812; baseline -0.006 -10"><span class='ocrx_word' id='word_1_365' title='bbox 254 4748 326 4802; x_wconf 85' lang='lat' dir='ltr'><strong>tihna</strong></span> <span class='ocrx_word' id='word_1_366' title='bbox 339 4747 515 4810; x_wconf 89' lang='lat' dir='ltr'><strong>terminatur,</strong></span> <span class='ocrx_word' id='word_1_367' title='bbox 530 4752 560 4799; x_wconf 92' lang='lat' dir='ltr'><strong>ut</strong></span> <span class='ocrx_word' id='word_1_368' title='bbox 572 4742 662 4799; x_wconf 88' lang='lat' dir='ltr'><strong>nullus</strong></span> <span class='ocrx_word' id='word_1_369' title='bbox 675 4757 767 4797; x_wconf 85' lang='lat' dir='ltr'><strong>eorrrm</strong></span> <span class='ocrx_word' id='word_1_370' title='bbox 782 4757 830 4812; x_wconf 91' lang='lat' dir='ltr'><strong>par</strong></span> <span class='ocrx_word' id='word_1_371' title='bbox 848 4757 908 4798; x_wconf 84' lang='lat' dir='ltr'><strong>csse</strong></span> <span class='ocrx_word' id='word_1_372' title='bbox 924 4742 1041 4799; x_wconf 87' lang='lat' dir='ltr'><strong>cuicum·</strong></span> 
     </span>
     <span class='ocr_line' id='line_1_50' title="bbox 255 4833 1041 4909; baseline -0.008 -15"><span class='ocrx_word' id='word_1_373' title='bbox 255 4853 310 4909; x_wconf 83' lang='lat' dir='ltr'><strong>que</strong></span> <span class='ocrx_word' id='word_1_374' title='bbox 319 4837 395 4892; x_wconf 87' lang='lat' dir='ltr'><strong>alteri</strong></span> <span class='ocrx_word' id='word_1_375' title='bbox 407 4837 499 4904; x_wconf 89' lang='lat' dir='ltr'><strong>possit.</strong></span> <span class='ocrx_word' id='word_1_376' title='bbox 518 4836 588 4904; x_wconf 85' lang='lat' dir='ltr'><strong>Ergo</strong></span> <span class='ocrx_word' id='word_1_377' title='bbox 603 4844 631 4888; x_wconf 89' lang='lat' dir='ltr'><strong>ot</strong></span> <span class='ocrx_word' id='word_1_378' title='bbox 651 4833 771 4903; x_wconf 83' lang='lat' dir='ltr'><strong>dispares</strong></span> <span class='ocrx_word' id='word_1_379' title='bbox 784 4833 853 4889; x_wconf 89' lang='lat' dir='ltr'><strong>inter</strong></span> <span class='ocrx_word' id='word_1_380' title='bbox 864 4848 894 4889; x_wconf 91' lang='grc' dir='ltr'><strong>εε</strong></span> <span class='ocrx_word' id='word_1_381' title='bbox 907 4843 985 4904; x_wconf 79' lang='lat' dir='ltr'><strong>atoue</strong></span> <span class='ocrx_word' id='word_1_382' title='bbox 997 4833 1041 4889; x_wconf 94' lang='lat' dir='ltr'><strong>di·</strong></span> 
     </span>
     <span class='ocr_line' id='line_1_51' title="bbox 254 4922 1041 4995; baseline -0.003 -15"><span class='ocrx_word' id='word_1_383' title='bbox 254 4929 324 4982; x_wconf 74' lang='lat' dir='ltr'><strong>versi</strong></span> <span class='ocrx_word' id='word_1_384' title='bbox 337 4938 417 4993; x_wconf 77' lang='lat' dir='ltr'><strong>aurat,</strong></span> <span class='ocrx_word' id='word_1_385' title='bbox 429 4935 457 4981; x_wconf 89' lang='lat' dir='ltr'><strong>et</strong></span> <span class='ocrx_word' id='word_1_386' title='bbox 469 4925 564 4995; x_wconf 81' lang='lat' dir='ltr'><strong>singuli</strong></span> <span class='ocrx_word' id='word_1_387' title='bbox 574 4923 672 4994; x_wconf 84' lang='lat' dir='ltr'><strong>quique</strong></span> <span class='ocrx_word' id='word_1_388' title='bbox 686 4922 752 4978; x_wconf 88' lang='lat' dir='ltr'><strong>hnlti</strong></span> <span class='ocrx_word' id='word_1_389' title='bbox 767 4931 839 4990; x_wconf 86' lang='lat' dir='ltr'><strong>surrt,</strong></span> <span class='ocrx_word' id='word_1_390' title='bbox 850 4932 878 4978; x_wconf 88' lang='grc' dir='ltr'><strong>ει</strong></span> <span class='ocrx_word' id='word_1_391' title='bbox 894 4938 987 4980; x_wconf 88' lang='lat' dir='ltr'><strong>ornnes</strong></span> <span class='ocrx_word' id='word_1_392' title='bbox 1000 4925 1041 4978; x_wconf 92' lang='lat' dir='ltr'><strong>in-</strong></span> 
     </span>
     <span class='ocr_line' id='line_1_52' title="bbox 240 5013 1042 5084; baseline -0.005 -10"><span class='ocrx_word' id='word_1_393' title='bbox 240 5020 323 5075; x_wconf 65' lang='lat' dir='ltr'><strong>,liniti</strong></span> <span class='ocrx_word' id='word_1_394' title='bbox 342 5030 414 5073; x_wconf 81' lang='lat' dir='ltr'><strong>narrt.</strong></span> <span class='ocrx_word' id='word_1_395' title='bbox 430 5016 504 5072; x_wconf 87' lang='lat' dir='ltr'><strong>itane</strong></span> <span class='ocrx_word' id='word_1_396' title='bbox 518 5030 644 5071; x_wconf 86' lang='lat' dir='ltr'><strong>numeros</strong></span> <span class='ocrx_word' id='word_1_397' title='bbox 664 5024 772 5084; x_wconf 87' lang='lat' dir='ltr'><strong>propter</strong></span> <span class='ocrx_word' id='word_1_398' title='bbox 787 5013 943 5070; x_wconf 76' lang='lat' dir='ltr'><strong>intrantem</strong></span> <span class='ocrx_word' id='word_1_399' title='bbox 956 5014 1042 5071; x_wconf 82' lang='lat' dir='ltr'><strong>noscit</strong></span> 
     </span>
     <span class='ocr_line' id='line_1_53' title="bbox 233 5103 1041 5177; baseline -0.005 -12"><span class='ocrx_word' id='word_1_400' title='bbox 233 5147 236 5151; x_wconf 88' lang='lat'><em>-</em></span> <span class='ocrx_word' id='word_1_401' title='bbox 253 5122 347 5165; x_wconf 77' lang='lat' dir='ltr'><strong>ouantes</strong></span> <span class='ocrx_word' id='word_1_402' title='bbox 360 5108 429 5163; x_wconf 87' lang='lat' dir='ltr'><strong>heus</strong></span> <span class='ocrx_word' id='word_1_403' title='bbox 440 5109 460 5173; x_wconf 89' lang='lat'><strong>¹;</strong></span> <span class='ocrx_word' id='word_1_404' title='bbox 475 5117 502 5162; x_wconf 91' lang='grc' dir='ltr'><strong>ει</strong></span> <span class='ocrx_word' id='word_1_405' title='bbox 516 5120 598 5177; x_wconf 85' lang='lat' dir='ltr'><strong>usqne</strong></span> <span class='ocrx_word' id='word_1_406' title='bbox 610 5104 645 5160; x_wconf 90' lang='lat' dir='ltr'><strong>ad</strong></span> <span class='ocrx_word' id='word_1_407' title='bbox 657 5103 797 5175; x_wconf 79' lang='lat' dir='ltr'><strong>quamdam</strong></span> <span class='ocrx_word' id='word_1_408' title='bbox 807 5119 938 5160; x_wconf 88' lang='lat' dir='ltr'><strong>summam</strong></span> <span class='ocrx_word' id='word_1_409' title='bbox 952 5121 1041 5161; x_wconf 78' lang='lat' dir='ltr'><strong>nume</strong></span> 
     </span>
    </p>
   </div>
   <div class='ocr_carea' id='block_1_7' title="bbox 253 5322 1041 5439">
    <p class='ocr_par' dir='ltr' id='par_1_7' title="bbox 253 5322 1041 5439">
     <span class='ocr_line' id='line_1_54' title="bbox 253 5322 1041 5439; baseline 0.008 -68"><span class='ocrx_word' id='word_1_410' title='bbox 253 5323 347 5439; x_wconf 48' lang='lat' dir='ltr'><strong>addi</strong></span> <span class='ocrx_word' id='word_1_411' title='bbox 357 5328 393 5372; x_wconf 81' lang='lat' dir='ltr'><strong>er.</strong></span> <span class='ocrx_word' id='word_1_412' title='bbox 407 5330 433 5372; x_wconf 90' lang='lat' dir='ltr'><strong>et</strong></span> <span class='ocrx_word' id='word_1_413' title='bbox 442 5330 493 5373; x_wconf 78' lang='lat' dir='ltr'><strong>uss.</strong></span> <span class='ocrx_word' id='word_1_414' title='bbox 507 5330 534 5374; x_wconf 85' lang='lat' dir='ltr'><strong>tt</strong></span> <span class='ocrx_word' id='word_1_415' title='bbox 549 5322 616 5374; x_wconf 83' lang='lat' dir='ltr'><strong>vino.</strong></span> <span class='ocrx_word' id='word_1_416' title='bbox 630 5328 679 5377; x_wconf 86' lang='lat' dir='ltr'><strong>tro.</strong></span> <span class='ocrx_word' id='word_1_417' title='bbox 693 5329 719 5374; x_wconf 88' lang='lat' dir='ltr'><strong>et</strong></span> <span class='ocrx_word' id='word_1_418' title='bbox 735 5328 800 5384; x_wconf 80' lang='lat' dir='ltr'><strong>tan,</strong></span> <span class='ocrx_word' id='word_1_419' title='bbox 812 5328 886 5376; x_wconf 76' lang='lat' dir='ltr'><strong>mmo</strong></span> <span class='ocrx_word' id='word_1_420' title='bbox 896 5324 1041 5391; x_wconf 61' lang='lat' dir='ltr'><strong>ommam</strong></span> 
     </span>
    </p>
   </div>
   <div class='ocr_carea' id='block_1_8' title="bbox 252 5463 1041 5778">
    <p class='ocr_par' dir='ltr' id='par_1_8' title="bbox 252 5463 1041 5778">
     <span class='ocr_line' id='line_1_55' title="bbox 285 5463 1041 5530; baseline 0.009 -14"><span class='ocrx_word' id='word_1_421' title='bbox 285 5467 322 5530; x_wconf 80' lang='lat' dir='ltr'><strong>(n)</strong></span> <span class='ocrx_word' id='word_1_422' title='bbox 335 5464 409 5515; x_wconf 77' lang='lat' dir='ltr'><strong>aliter</strong></span> <span class='ocrx_word' id='word_1_423' title='bbox 424 5463 466 5513; x_wconf 77' lang='lat' dir='ltr'><strong>tul</strong></span> <span class='ocrx_word' id='word_1_424' title='bbox 500 5474 536 5522; x_wconf 88' lang='lat' dir='ltr'><strong>ta;</strong></span> <span class='ocrx_word' id='word_1_425' title='bbox 548 5464 593 5515; x_wconf 80' lang='lat' dir='ltr'><strong>sal</strong></span> <span class='ocrx_word' id='word_1_426' title='bbox 604 5466 751 5529; x_wconf 71' lang='lat' dir='ltr'><strong>Augustinus</strong></span> <span class='ocrx_word' id='word_1_427' title='bbox 764 5465 804 5517; x_wconf 87' lang='lat' dir='ltr'><strong>hle</strong></span> <span class='ocrx_word' id='word_1_428' title='bbox 819 5473 846 5516; x_wconf 92' lang='lat' dir='ltr'><strong>et</strong></span> <span class='ocrx_word' id='word_1_429' title='bbox 856 5467 881 5517; x_wconf 87' lang='lat' dir='ltr'><strong>lo</strong></span> <span class='ocrx_word' id='word_1_430' title='bbox 892 5469 952 5519; x_wconf 77' lang='lat' dir='ltr'><strong>usai.</strong></span> <span class='ocrx_word' id='word_1_431' title='bbox 961 5471 1001 5528; x_wconf 71' lang='lat' dir='ltr'><strong>ii,</strong></span> <span class='ocrx_word' id='word_1_432' title='bbox 1014 5479 1041 5523; x_wconf 92' lang='grc' dir='ltr'><strong>ει</strong></span> 
     </span>
     <span class='ocr_line' id='line_1_56' title="bbox 252 5525 1039 5596; baseline 0.001 -15"><span class='ocrx_word' id='word_1_433' title='bbox 252 5537 336 5582; x_wconf 73' lang='lat' dir='ltr'><strong>watra</strong></span> <span class='ocrx_word' id='word_1_434' title='bbox 347 5532 465 5596; x_wconf 71' lang='lat' dir='ltr'><strong>lauretum,</strong></span> <span class='ocrx_word' id='word_1_435' title='bbox 488 5527 520 5574; x_wconf 90' lang='lat' dir='ltr'><strong>ih.</strong></span> <span class='ocrx_word' id='word_1_436' title='bbox 533 5525 572 5583; x_wconf 61' lang='grc' dir='ltr'><strong>ἓξ,</strong></span> <span class='ocrx_word' id='word_1_437' title='bbox 591 5539 643 5588; x_wconf 73' lang='lat' dir='ltr'><strong>mgr.</strong></span> <span class='ocrx_word' id='word_1_438' title='bbox 659 5527 700 5586; x_wconf 79' lang='lat' dir='ltr'><strong>tt,</strong></span> <span class='ocrx_word' id='word_1_439' title='bbox 713 5536 824 5591; x_wconf 83' lang='lat' dir='ltr'><strong>scqurtm</strong></span> <span class='ocrx_word' id='word_1_440' title='bbox 840 5542 944 5592; x_wconf 64' lang='lat' dir='ltr'><strong>graecam</strong></span> <span class='ocrx_word' id='word_1_441' title='bbox 955 5529 1039 5582; x_wconf 83' lang='lat' dir='ltr'><strong>iectio-</strong></span> 
     </span>
     <span class='ocr_line' id='line_1_57' title="bbox 253 5587 1039 5658; baseline 0.004 -17"><span class='ocrx_word' id='word_1_442' title='bbox 253 5604 320 5650; x_wconf 89' lang='lat' dir='ltr'><strong>nem,</strong></span> <span class='ocrx_word' id='word_1_443' title='bbox 333 5587 371 5640; x_wconf 85' lang='lat' dir='ltr'><strong>coi</strong></span> <span class='ocrx_word' id='word_1_444' title='bbox 381 5593 543 5652; x_wconf 75' lang='lat' dir='ltr'><strong>attgerotom‘er</strong></span> <span class='ocrx_word' id='word_1_445' title='bbox 558 5593 657 5658; x_wconf 71' lang='lat' dir='ltr'><strong>eoototts</strong></span> <span class='ocrx_word' id='word_1_446' title='bbox 669 5589 768 5647; x_wconf 83' lang='lat' dir='ltr'><strong>eootois,</strong></span> <span class='ocrx_word' id='word_1_447' title='bbox 788 5601 820 5639; x_wconf 87' lang='lat' dir='ltr'><strong>ou</strong></span> <span class='ocrx_word' id='word_1_448' title='bbox 836 5589 969 5643; x_wconf 71' lang='lat' dir='ltr'><strong>amicabat.</strong></span> <span class='ocrx_word' id='word_1_449' title='bbox 982 5596 1039 5644; x_wconf 78' lang='lat' dir='ltr'><strong>tuiti</strong></span> 
     </span>
     <span class='ocr_line' id='line_1_58' title="bbox 253 5649 1038 5716; baseline -0.005 -14"><span class='ocrx_word' id='word_1_450' title='bbox 253 5664 303 5702; x_wconf 86' lang='lat' dir='ltr'><strong>tm.</strong></span> <span class='ocrx_word' id='word_1_451' title='bbox 315 5657 352 5701; x_wconf 77' lang='lat' dir='ltr'><strong>tir.</strong></span> <span class='ocrx_word' id='word_1_452' title='bbox 366 5656 452 5701; x_wconf 77' lang='lat' dir='ltr'><strong>eitun.</strong></span> <span class='ocrx_word' id='word_1_453' title='bbox 520 5655 564 5715; x_wconf 68' lang='lat' dir='ltr'><strong>fut.</strong></span> <span class='ocrx_word' id='word_1_454' title='bbox 575 5659 712 5712; x_wconf 75' lang='lat' dir='ltr'><strong>tenarprot</strong></span> <span class='ocrx_word' id='word_1_455' title='bbox 722 5649 918 5716; x_wconf 76' lang='lat' dir='ltr'><strong>mainehtpmrt.</strong></span> <span class='ocrx_word' id='word_1_456' title='bbox 932 5661 960 5707; x_wconf 86' lang='lat' dir='ltr'><strong>tt</strong></span> <span class='ocrx_word' id='word_1_457' title='bbox 971 5656 1038 5708; x_wconf 69' lang='lat' dir='ltr'><strong>vind,</strong></span> 
     </span>
     <span class='ocr_line' id='line_1_59' title="bbox 254 5711 976 5778; baseline 0.007 -14"><span class='ocrx_word' id='word_1_458' title='bbox 254 5721 344 5765; x_wconf 76' lang='lat' dir='ltr'><strong>etuas.</strong></span> <span class='ocrx_word' id='word_1_459' title='bbox 356 5711 481 5764; x_wconf 80' lang='lat' dir='ltr'><strong>consentio</strong></span> <span class='ocrx_word' id='word_1_460' title='bbox 531 5720 715 5778; x_wconf 60' lang='lat' dir='ltr'><strong>amicae,</strong></span> <span class='ocrx_word' id='word_1_461' title='bbox 728 5711 976 5778; x_wconf 68' lang='lat' dir='ltr'><strong>maedewacoreot.</strong></span> 
     </span>
    </p>
   </div>
   <div class='ocr_carea' id='block_1_9' title="bbox 707 279 1334 385">
    <p class='ocr_par' dir='ltr' id='par_1_9' title="bbox 707 279 1334 385">
     <span class='ocr_line' id='line_1_60' title="bbox 707 279 1334 385; baseline -0.011 -23"><span class='ocrx_word' id='word_1_462' title='bbox 707 381 709 385; x_wconf 11' lang='grc' dir='ltr'><em>Α</em></span> <span class='ocrx_word' id='word_1_463' title='bbox 776 303 821 362; x_wconf 83' lang='lat' dir='ltr'><strong>oa</strong></span> <span class='ocrx_word' id='word_1_464' title='bbox 838 296 997 360; x_wconf 80' lang='lat' dir='ltr'><strong>crunam</strong></span> <span class='ocrx_word' id='word_1_465' title='bbox 1016 279 1083 365; x_wconf 86' lang='lat' dir='ltr'><strong>om,</strong></span> <span class='ocrx_word' id='word_1_466' title='bbox 1103 297 1132 356; x_wconf 83' lang='lat' dir='ltr'><strong>s</strong></span> <span class='ocrx_word' id='word_1_467' title='bbox 1153 299 1334 358; x_wconf 79' lang='lat' dir='ltr'><strong>rocosum</strong></span> 
     </span>
    </p>
   </div>
   <div class='ocr_carea' id='block_1_10' title="bbox 1093 421 1880 2319">
    <p class='ocr_par' dir='ltr' id='par_1_10' title="bbox 1093 421 1880 2319">
     <span class='ocr_line' id='line_1_61' title="bbox 1096 421 1880 502; baseline 0.024 -31"><span class='ocrx_word' id='word_1_468' title='bbox 1096 430 1186 473; x_wconf 90' lang='lat' dir='ltr'><strong>rorum</strong></span> <span class='ocrx_word' id='word_1_469' title='bbox 1198 421 1308 477; x_wconf 88' lang='lat' dir='ltr'><strong>seientia</strong></span> <span class='ocrx_word' id='word_1_470' title='bbox 1332 422 1379 478; x_wconf 86' lang='lat' dir='ltr'><strong>liei</strong></span> <span class='ocrx_word' id='word_1_471' title='bbox 1394 424 1529 494; x_wconf 84' lang='lat' dir='ltr'><strong>pervenit,</strong></span> <span class='ocrx_word' id='word_1_472' title='bbox 1541 435 1653 483; x_wconf 77' lang='lat' dir='ltr'><strong>caeteros</strong></span> <span class='ocrx_word' id='word_1_473' title='bbox 1672 426 1796 500; x_wconf 81' lang='lat' dir='ltr'><strong>ignorati</strong></span> <span class='ocrx_word' id='word_1_474' title='bbox 1814 433 1880 502; x_wconf 78' lang='lat' dir='ltr'><strong>Quis</strong></span> 
     </span>
     <span class='ocr_line' id='line_1_62' title="bbox 1094 508 1879 580; baseline 0.022 -17"><span class='ocrx_word' id='word_1_475' title='bbox 1094 508 1145 564; x_wconf 93' lang='lat' dir='ltr'><strong>hoc</strong></span> <span class='ocrx_word' id='word_1_476' title='bbox 1159 511 1239 565; x_wconf 89' lang='lat' dir='ltr'><strong>etiam</strong></span> <span class='ocrx_word' id='word_1_477' title='bbox 1259 512 1474 569; x_wconf 89' lang='lat' dir='ltr'><strong>dementissimus</strong></span> <span class='ocrx_word' id='word_1_478' title='bbox 1485 514 1604 572; x_wconf 77' lang='lat' dir='ltr'><strong>dixerit?</strong></span> <span class='ocrx_word' id='word_1_479' title='bbox 1616 517 1670 573; x_wconf 87' lang='lat' dir='ltr'><strong>Nec</strong></span> <span class='ocrx_word' id='word_1_480' title='bbox 1684 520 1819 577; x_wconf 88' lang='lat' dir='ltr'><strong>audebunt</strong></span> <span class='ocrx_word' id='word_1_481' title='bbox 1835 523 1879 580; x_wconf 88' lang='lat' dir='ltr'><strong>istt</strong></span> 
     </span>
     <span class='ocr_line' id='line_1_63' title="bbox 1095 604 1875 670; baseline 0.022 -17"><span class='ocrx_word' id='word_1_482' title='bbox 1095 607 1270 657; x_wconf 82' lang='lat' dir='ltr'><strong>contemnere</strong></span> <span class='ocrx_word' id='word_1_483' title='bbox 1279 617 1413 667; x_wconf 87' lang='lat' dir='ltr'><strong>nrrmeros,</strong></span> <span class='ocrx_word' id='word_1_484' title='bbox 1429 615 1456 659; x_wconf 91' lang='grc' dir='ltr'><strong>ει</strong></span> <span class='ocrx_word' id='word_1_485' title='bbox 1467 618 1513 661; x_wconf 83' lang='lat' dir='ltr'><strong>eos</strong></span> <span class='ocrx_word' id='word_1_486' title='bbox 1527 604 1617 662; x_wconf 88' lang='lat' dir='ltr'><strong>dicere</strong></span> <span class='ocrx_word' id='word_1_487' title='bbox 1630 607 1664 663; x_wconf 90' lang='lat' dir='ltr'><strong>ad</strong></span> <span class='ocrx_word' id='word_1_488' title='bbox 1677 609 1723 665; x_wconf 79' lang='lat' dir='ltr'><strong>lici</strong></span> <span class='ocrx_word' id='word_1_489' title='bbox 1737 612 1875 670; x_wconf 83' lang='lat' dir='ltr'><strong>scientiam</strong></span> 
     </span>
     <span class='ocr_line' id='line_1_64' title="bbox 1094 693 1876 773; baseline 0.017 -27"><span class='ocrx_word' id='word_1_490' title='bbox 1094 705 1148 747; x_wconf 90' lang='lat' dir='ltr'><strong>non</strong></span> <span class='ocrx_word' id='word_1_491' title='bbox 1161 693 1305 762; x_wconf 85' lang='lat' dir='ltr'><strong>pertinere,</strong></span> <span class='ocrx_word' id='word_1_492' title='bbox 1320 693 1396 766; x_wconf 90' lang='lat' dir='ltr'><strong>apud.</strong></span> <span class='ocrx_word' id='word_1_493' title='bbox 1408 710 1475 767; x_wconf 83' lang='lat' dir='ltr'><strong>quos</strong></span> <span class='ocrx_word' id='word_1_494' title='bbox 1491 696 1564 753; x_wconf 84' lang='lat' dir='ltr'><strong>Plato</strong></span> <span class='ocrx_word' id='word_1_495' title='bbox 1577 698 1660 755; x_wconf 82' lang='lat' dir='ltr'><strong>licum</strong></span> <span class='ocrx_word' id='word_1_496' title='bbox 1675 717 1772 773; x_wconf 88' lang='lat' dir='ltr'><strong>magna</strong></span> <span class='ocrx_word' id='word_1_497' title='bbox 1786 715 1876 761; x_wconf 86' lang='lat' dir='ltr'><strong>aueto-</strong></span> 
     </span>
     <span class='ocr_line' id='line_1_65' title="bbox 1095 784 1879 869; baseline 0.015 -30"><span class='ocrx_word' id='word_1_498' title='bbox 1095 784 1172 839; x_wconf 88' lang='lat' dir='ltr'><strong>ritate</strong></span> <span class='ocrx_word' id='word_1_499' title='bbox 1182 784 1351 842; x_wconf 89' lang='lat' dir='ltr'><strong>commendat</strong></span> <span class='ocrx_word' id='word_1_500' title='bbox 1363 788 1491 844; x_wconf 91' lang='lat' dir='ltr'><strong>mundum</strong></span> <span class='ocrx_word' id='word_1_501' title='bbox 1510 789 1627 847; x_wconf 81' lang='lat' dir='ltr'><strong>numetis</strong></span> <span class='ocrx_word' id='word_1_502' title='bbox 1648 790 1822 851; x_wconf 79' lang='lat' dir='ltr'><strong>fabricantem</strong></span> <span class='ocrx_word' id='word_1_503' title='bbox 1833 795 1879 869; x_wconf 84' lang='lat' dir='ltr'><strong>(ln</strong></span> 
     </span>
     <span class='ocr_line' id='line_1_66' title="bbox 1094 872 1878 952; baseline 0.014 -22"><span class='ocrx_word' id='word_1_504' title='bbox 1094 872 1200 946; x_wconf 78' lang='lat' dir='ltr'><strong>Timeo)</strong></span> <span class='ocrx_word' id='word_1_505' title='bbox 1218 893 1226 932; x_wconf 75' lang='lat' dir='ltr'><strong>a</strong></span> <span class='ocrx_word' id='word_1_506' title='bbox 1241 885 1268 932; x_wconf 88' lang='lat' dir='ltr'><strong>et</strong></span> <span class='ocrx_word' id='word_1_507' title='bbox 1281 876 1351 946; x_wconf 90' lang='lat' dir='ltr'><strong>apud</strong></span> <span class='ocrx_word' id='word_1_508' title='bbox 1370 892 1418 933; x_wconf 85' lang='lat' dir='ltr'><strong>nos</strong></span> <span class='ocrx_word' id='word_1_509' title='bbox 1431 877 1486 934; x_wconf 82' lang='lat' dir='ltr'><strong>beo</strong></span> <span class='ocrx_word' id='word_1_510' title='bbox 1503 878 1602 936; x_wconf 92' lang='lat' dir='ltr'><strong>dictum</strong></span> <span class='ocrx_word' id='word_1_511' title='bbox 1617 880 1728 952; x_wconf 89' lang='lat' dir='ltr'><strong>legitur,</strong></span> <span class='ocrx_word' id='word_1_512' title='bbox 1746 883 1838 941; x_wconf 81' lang='lat' dir='ltr'><strong>Ootnio</strong></span> <span class='ocrx_word' id='word_1_513' title='bbox 1852 888 1878 940; x_wconf 87' lang='lat' dir='ltr'><strong>in</strong></span> 
     </span>
     <span class='ocr_line' id='line_1_67' title="bbox 1094 969 1876 1048; baseline 0.017 -29"><span class='ocrx_word' id='word_1_514' title='bbox 1094 981 1211 1020; x_wconf 83' lang='lat' dir='ltr'><strong>mentam</strong></span> <span class='ocrx_word' id='word_1_515' title='bbox 1223 974 1265 1033; x_wconf 88' lang='grc' dir='ltr'><strong>,ιι</strong></span> <span class='ocrx_word' id='word_1_516' title='bbox 1279 983 1400 1031; x_wconf 83' lang='lat' dir='ltr'><strong>nurnero,</strong></span> <span class='ocrx_word' id='word_1_517' title='bbox 1417 977 1441 1024; x_wconf 87' lang='lat' dir='ltr'><strong>et</strong></span> <span class='ocrx_word' id='word_1_518' title='bbox 1455 969 1565 1040; x_wconf 84' lang='lat' dir='ltr'><strong>pondere</strong></span> <span class='ocrx_word' id='word_1_519' title='bbox 1576 969 1721 1041; x_wconf 84' lang='lat' dir='ltr'><strong>dirpomittt&#39;</strong></span> <span class='ocrx_word' id='word_1_520' title='bbox 1734 973 1813 1048; x_wconf 86' lang='lat' dir='ltr'><strong>(Sap.</strong></span> <span class='ocrx_word' id='word_1_521' title='bbox 1830 992 1855 1032; x_wconf 84' lang='lat' dir='ltr'><strong>m</strong></span> <span class='ocrx_word' id='word_1_522' title='bbox 1868 1017 1876 1044; x_wconf 92' lang='lat'><strong>,</strong></span> 
     </span>
     <span class='ocr_line' id='line_1_68' title="bbox 1093 1055 1877 1137; baseline 0.017 -26"><span class='ocrx_word' id='word_1_523' title='bbox 1093 1055 1162 1127; x_wconf 70' lang='lat' dir='ltr'><strong>iil?</strong></span> <span class='ocrx_word' id='word_1_524' title='bbox 1176 1058 1213 1114; x_wconf 88' lang='lat' dir='ltr'><strong>he</strong></span> <span class='ocrx_word' id='word_1_525' title='bbox 1233 1073 1286 1129; x_wconf 83' lang='lat' dir='ltr'><strong>qtro</strong></span> <span class='ocrx_word' id='word_1_526' title='bbox 1298 1058 1364 1114; x_wconf 88' lang='lat' dir='ltr'><strong>dicit</strong></span> <span class='ocrx_word' id='word_1_527' title='bbox 1375 1067 1402 1116; x_wconf 88' lang='lat' dir='ltr'><strong>et</strong></span> <span class='ocrx_word' id='word_1_528' title='bbox 1420 1059 1562 1132; x_wconf 88' lang='lat' dir='ltr'><strong>propheta,</strong></span> <span class='ocrx_word' id='word_1_529' title='bbox 1579 1062 1630 1131; x_wconf 80' lang='lat' dir='ltr'><strong>Qui</strong></span> <span class='ocrx_word' id='word_1_530' title='bbox 1642 1067 1737 1137; x_wconf 74' lang='lat' dir='ltr'><strong>profert</strong></span> <span class='ocrx_word' id='word_1_531' title='bbox 1749 1083 1877 1124; x_wconf 70' lang='lat' dir='ltr'><strong>rrnmemt</strong></span> 
     </span>
     <span class='ocr_line' id='line_1_69' title="bbox 1094 1146 1877 1224; baseline 0.013 -23"><span class='ocrx_word' id='word_1_532' title='bbox 1094 1149 1215 1202; x_wconf 75' lang='lat' dir='ltr'><strong>aceolum</strong></span> <span class='ocrx_word' id='word_1_533' title='bbox 1229 1149 1237 1181; x_wconf 93' lang='lat'>¹</span> <span class='ocrx_word' id='word_1_534' title='bbox 1261 1146 1327 1218; x_wconf 81' lang='lat' dir='ltr'><strong>(laci</strong></span> <span class='ocrx_word' id='word_1_535' title='bbox 1340 1165 1391 1215; x_wconf 83' lang='lat' dir='ltr'><strong>ro,</strong></span> <span class='ocrx_word' id='word_1_536' title='bbox 1404 1149 1459 1215; x_wconf 76' lang='lat' dir='ltr'><strong>iti,</strong></span> <span class='ocrx_word' id='word_1_537' title='bbox 1474 1167 1523 1205; x_wconf 84' lang='lat' dir='ltr'><strong>rte.</strong></span> <span class='ocrx_word' id='word_1_538' title='bbox 1539 1150 1632 1224; x_wconf 77' lang='lat' dir='ltr'><strong>lxx).</strong></span> <span class='ocrx_word' id='word_1_539' title='bbox 1650 1152 1682 1208; x_wconf 78' lang='lat' dir='ltr'><strong>Et</strong></span> <span class='ocrx_word' id='word_1_540' title='bbox 1707 1152 1830 1211; x_wconf 78' lang='lat' dir='ltr'><strong>Salvator</strong></span> <span class='ocrx_word' id='word_1_541' title='bbox 1852 1156 1877 1211; x_wconf 92' lang='lat' dir='ltr'><strong>in</strong></span> 
     </span>
     <span class='ocr_line' id='line_1_70' title="bbox 1094 1240 1878 1313; baseline 0.009 -17"><span class='ocrx_word' id='word_1_542' title='bbox 1094 1240 1250 1310; x_wconf 83' lang='lat' dir='ltr'><strong>Evangelio,</strong></span> <span class='ocrx_word' id='word_1_543' title='bbox 1260 1241 1364 1313; x_wconf 79' lang='lat' dir='ltr'><strong>Capilli,</strong></span> <span class='ocrx_word' id='word_1_544' title='bbox 1380 1243 1466 1313; x_wconf 85' lang='lat' dir='ltr'><strong>inquit</strong></span> <span class='ocrx_word' id='word_1_545' title='bbox 1479 1286 1485 1307; x_wconf 92' lang='lat'><strong>,</strong></span> <span class='ocrx_word' id='word_1_546' title='bbox 1498 1244 1574 1298; x_wconf 84' lang='lat' dir='ltr'><strong>aratri</strong></span> <span class='ocrx_word' id='word_1_547' title='bbox 1586 1261 1669 1299; x_wconf 83' lang='lat' dir='ltr'><strong>omnes</strong></span> <span class='ocrx_word' id='word_1_548' title='bbox 1681 1247 1808 1301; x_wconf 82' lang='lat' dir='ltr'><strong>momernti</strong></span> <span class='ocrx_word' id='word_1_549' title='bbox 1820 1257 1878 1303; x_wconf 82' lang='lat' dir='ltr'><strong>tent</strong></span> 
     </span>
     <span class='ocr_line' id='line_1_71' title="bbox 1096 1330 1877 1407; baseline 0.01 -23"><span class='ocrx_word' id='word_1_550' title='bbox 1096 1330 1249 1403; x_wconf 68' lang='lat' dir='ltr'><strong>(diuitias,</strong></span> <span class='ocrx_word' id='word_1_551' title='bbox 1266 1332 1323 1398; x_wconf 76' lang='lat'>30).</span> <span class='ocrx_word' id='word_1_552' title='bbox 1339 1333 1415 1388; x_wconf 81' lang='lat' dir='ltr'><strong>Absit</strong></span> <span class='ocrx_word' id='word_1_553' title='bbox 1427 1333 1516 1403; x_wconf 85' lang='lat' dir='ltr'><strong>itaque</strong></span> <span class='ocrx_word' id='word_1_554' title='bbox 1532 1342 1559 1387; x_wconf 91' lang='lat' dir='ltr'><strong>ut</strong></span> <span class='ocrx_word' id='word_1_555' title='bbox 1572 1334 1722 1391; x_wconf 84' lang='lat' dir='ltr'><strong>dubitemus</strong></span> <span class='ocrx_word' id='word_1_556' title='bbox 1735 1377 1743 1400; x_wconf 93' lang='lat'><strong>,</strong></span> <span class='ocrx_word' id='word_1_557' title='bbox 1757 1335 1828 1407; x_wconf 84' lang='lat' dir='ltr'><strong>quod</strong></span> <span class='ocrx_word' id='word_1_558' title='bbox 1853 1337 1877 1392; x_wconf 87' lang='lat' dir='ltr'><strong>ei</strong></span> 
     </span>
     <span class='ocr_line' id='line_1_72' title="bbox 1094 1423 1877 1496; baseline 0.006 -19"><span class='ocrx_word' id='word_1_559' title='bbox 1094 1431 1173 1477; x_wconf 87' lang='lat' dir='ltr'><strong>notos</strong></span> <span class='ocrx_word' id='word_1_560' title='bbox 1186 1423 1221 1478; x_wconf 89' lang='lat' dir='ltr'><strong>sit</strong></span> <span class='ocrx_word' id='word_1_561' title='bbox 1229 1423 1316 1478; x_wconf 84' lang='lat' dir='ltr'><strong>omnia</strong></span> <span class='ocrx_word' id='word_1_562' title='bbox 1327 1438 1470 1492; x_wconf 88' lang='lat' dir='ltr'><strong>numerus,</strong></span> <span class='ocrx_word' id='word_1_563' title='bbox 1484 1424 1556 1495; x_wconf 77' lang='lat' dir='ltr'><strong>onjtu</strong></span> <span class='ocrx_word' id='word_1_564' title='bbox 1569 1424 1756 1496; x_wconf 78' lang='lat' dir='ltr'><strong>intelligentie,</strong></span> <span class='ocrx_word' id='word_1_565' title='bbox 1771 1426 1840 1481; x_wconf 90' lang='lat' dir='ltr'><strong>sicut</strong></span> <span class='ocrx_word' id='word_1_566' title='bbox 1852 1427 1877 1482; x_wconf 91' lang='lat' dir='ltr'><strong>in</strong></span> 
     </span>
     <span class='ocr_line' id='line_1_73' title="bbox 1094 1512 1879 1590; baseline 0.008 -22"><span class='ocrx_word' id='word_1_567' title='bbox 1094 1512 1200 1568; x_wconf 82' lang='lat' dir='ltr'><strong>l&#39;snlnto</strong></span> <span class='ocrx_word' id='word_1_568' title='bbox 1214 1515 1328 1578; x_wconf 86' lang='lat' dir='ltr'><strong>canitur,</strong></span> <span class='ocrx_word' id='word_1_569' title='bbox 1339 1531 1389 1569; x_wconf 88' lang='lat' dir='ltr'><strong>nort</strong></span> <span class='ocrx_word' id='word_1_570' title='bbox 1403 1524 1439 1570; x_wconf 84' lang='lat' dir='ltr'><strong>eat</strong></span> <span class='ocrx_word' id='word_1_571' title='bbox 1452 1532 1571 1570; x_wconf 77' lang='lat' dir='ltr'><strong>nummo</strong></span> <span class='ocrx_word' id='word_1_572' title='bbox 1583 1515 1752 1589; x_wconf 59' lang='lat' dir='ltr'><strong>(Panicum</strong></span> <span class='ocrx_word' id='word_1_573' title='bbox 1764 1559 1773 1584; x_wconf 94' lang='lat'><strong>,</strong></span> <span class='ocrx_word' id='word_1_574' title='bbox 1786 1517 1825 1590; x_wconf 86' lang='lat'><strong>5).</strong></span> <span class='ocrx_word' id='word_1_575' title='bbox 1839 1519 1879 1574; x_wconf 92' lang='lat' dir='ltr'><strong>ln·</strong></span> 
     </span>
     <span class='ocr_line' id='line_1_74' title="bbox 1093 1600 1878 1675; baseline 0.009 -18"><span class='ocrx_word' id='word_1_576' title='bbox 1093 1600 1182 1658; x_wconf 79' lang='lat' dir='ltr'><strong>tinnitos</strong></span> <span class='ocrx_word' id='word_1_577' title='bbox 1196 1603 1284 1674; x_wconf 86' lang='lat' dir='ltr'><strong>itaque</strong></span> <span class='ocrx_word' id='word_1_578' title='bbox 1297 1605 1418 1670; x_wconf 90' lang='lat' dir='ltr'><strong>numeri,</strong></span> <span class='ocrx_word' id='word_1_579' title='bbox 1432 1607 1551 1675; x_wconf 76' lang='lat' dir='ltr'><strong>pirannis</strong></span> <span class='ocrx_word' id='word_1_580' title='bbox 1573 1605 1737 1663; x_wconf 86' lang='lat' dir='ltr'><strong>indultorum</strong></span> <span class='ocrx_word' id='word_1_581' title='bbox 1753 1623 1878 1664; x_wconf 92' lang='lat' dir='ltr'><strong>numero·</strong></span> 
     </span>
     <span class='ocr_line' id='line_1_75' title="bbox 1094 1697 1878 1772; baseline 0.006 -20"><span class='ocrx_word' id='word_1_582' title='bbox 1094 1713 1153 1752; x_wconf 92' lang='lat' dir='ltr'><strong>rum</strong></span> <span class='ocrx_word' id='word_1_583' title='bbox 1167 1697 1257 1752; x_wconf 85' lang='lat' dir='ltr'><strong>trullns</strong></span> <span class='ocrx_word' id='word_1_584' title='bbox 1277 1697 1312 1752; x_wconf 89' lang='lat' dir='ltr'><strong>sit</strong></span> <span class='ocrx_word' id='word_1_585' title='bbox 1326 1713 1472 1764; x_wconf 89' lang='lat' dir='ltr'><strong>numerus,</strong></span> <span class='ocrx_word' id='word_1_586' title='bbox 1486 1714 1537 1753; x_wconf 89' lang='lat' dir='ltr'><strong>non</strong></span> <span class='ocrx_word' id='word_1_587' title='bbox 1564 1708 1605 1754; x_wconf 91' lang='lat' dir='ltr'><strong>est</strong></span> <span class='ocrx_word' id='word_1_588' title='bbox 1623 1707 1710 1756; x_wconf 82' lang='lat' dir='ltr'><strong>tamma</strong></span> <span class='ocrx_word' id='word_1_589' title='bbox 1726 1701 1878 1772; x_wconf 89' lang='lat' dir='ltr'><strong>incompre-</strong></span> 
     </span>
     <span class='ocr_line' id='line_1_76' title="bbox 1095 1787 1877 1860; baseline 0.01 -19"><span class='ocrx_word' id='word_1_590' title='bbox 1095 1787 1234 1842; x_wconf 85' lang='lat' dir='ltr'><strong>hensibilia</strong></span> <span class='ocrx_word' id='word_1_591' title='bbox 1255 1789 1279 1843; x_wconf 90' lang='lat' dir='ltr'><strong>ei</strong></span> <span class='ocrx_word' id='word_1_592' title='bbox 1305 1788 1381 1859; x_wconf 81' lang='lat' dir='ltr'><strong>cujus</strong></span> <span class='ocrx_word' id='word_1_593' title='bbox 1403 1787 1583 1860; x_wconf 69' lang='lat' dir='ltr'><strong>intelligentiae</strong></span> <span class='ocrx_word' id='word_1_594' title='bbox 1603 1807 1655 1845; x_wconf 91' lang='lat' dir='ltr'><strong>non</strong></span> <span class='ocrx_word' id='word_1_595' title='bbox 1677 1797 1719 1846; x_wconf 91' lang='grc' dir='ltr'><strong>εει</strong></span> <span class='ocrx_word' id='word_1_596' title='bbox 1741 1807 1877 1850; x_wconf 89' lang='lat' dir='ltr'><strong>numerus.</strong></span> 
     </span>
     <span class='ocr_line' id='line_1_77' title="bbox 1094 1876 1876 1953; baseline 0.013 -23"><span class='ocrx_word' id='word_1_597' title='bbox 1094 1876 1261 1950; x_wconf 82' lang='lat' dir='ltr'><strong>Quapropter</strong></span> <span class='ocrx_word' id='word_1_598' title='bbox 1282 1880 1304 1935; x_wconf 87' lang='lat' dir='ltr'><strong>si</strong></span> <span class='ocrx_word' id='word_1_599' title='bbox 1321 1920 1329 1946; x_wconf 91' lang='lat'><strong>,</strong></span> <span class='ocrx_word' id='word_1_600' title='bbox 1344 1880 1471 1951; x_wconf 78' lang='lat' dir='ltr'><strong>quidouirt</strong></span> <span class='ocrx_word' id='word_1_601' title='bbox 1493 1882 1603 1937; x_wconf 85' lang='lat' dir='ltr'><strong>scicntia</strong></span> <span class='ocrx_word' id='word_1_602' title='bbox 1626 1884 1876 1953; x_wconf 85' lang='lat' dir='ltr'><strong>comprehenditur,</strong></span> 
     </span>
     <span class='ocr_line' id='line_1_78' title="bbox 1093 1968 1879 2042; baseline 0.008 -18"><span class='ocrx_word' id='word_1_603' title='bbox 1093 1968 1202 2024; x_wconf 85' lang='lat' dir='ltr'><strong>scientis</strong></span> <span class='ocrx_word' id='word_1_604' title='bbox 1222 1970 1460 2039; x_wconf 82' lang='lat' dir='ltr'><strong>comprehensione</strong></span> <span class='ocrx_word' id='word_1_605' title='bbox 1479 1970 1585 2037; x_wconf 81' lang='lat' dir='ltr'><strong>linitur3</strong></span> <span class='ocrx_word' id='word_1_606' title='bbox 1612 1971 1731 2042; x_wconf 86' lang='lat' dir='ltr'><strong>prolecto</strong></span> <span class='ocrx_word' id='word_1_607' title='bbox 1744 1982 1772 2030; x_wconf 89' lang='lat' dir='ltr'><strong>ct</strong></span> <span class='ocrx_word' id='word_1_608' title='bbox 1792 1975 1879 2030; x_wconf 85' lang='lat' dir='ltr'><strong>ourrris</strong></span> 
     </span>
     <span class='ocr_line' id='line_1_79' title="bbox 1093 2057 1877 2135; baseline 0.01 -23"><span class='ocrx_word' id='word_1_609' title='bbox 1093 2057 1210 2112; x_wconf 87' lang='lat' dir='ltr'><strong>inlinitas</strong></span> <span class='ocrx_word' id='word_1_610' title='bbox 1222 2059 1336 2128; x_wconf 76' lang='lat' dir='ltr'><strong>«prodam</strong></span> <span class='ocrx_word' id='word_1_611' title='bbox 1356 2059 1470 2115; x_wconf 88' lang='lat' dir='ltr'><strong>ineliahli</strong></span> <span class='ocrx_word' id='word_1_612' title='bbox 1487 2061 1566 2115; x_wconf 88' lang='lat' dir='ltr'><strong>nrodo</strong></span> <span class='ocrx_word' id='word_1_613' title='bbox 1582 2061 1637 2118; x_wconf 87' lang='lat' dir='ltr'><strong>lieo</strong></span> <span class='ocrx_word' id='word_1_614' title='bbox 1656 2061 1729 2118; x_wconf 88' lang='lat' dir='ltr'><strong>linita</strong></span> <span class='ocrx_word' id='word_1_615' title='bbox 1747 2072 1805 2131; x_wconf 65' lang='lat' dir='ltr'><strong>est,</strong></span> <span class='ocrx_word' id='word_1_616' title='bbox 1818 2065 1877 2135; x_wconf 83' lang='lat' dir='ltr'><strong>quio</strong></span> 
     </span>
     <span class='ocr_line' id='line_1_80' title="bbox 1094 2148 1877 2223; baseline 0.01 -19"><span class='ocrx_word' id='word_1_617' title='bbox 1094 2148 1213 2204; x_wconf 78' lang='lat' dir='ltr'><strong>scientiae</strong></span> <span class='ocrx_word' id='word_1_618' title='bbox 1228 2150 1309 2220; x_wconf 78' lang='lat' dir='ltr'><strong>ipsius</strong></span> <span class='ocrx_word' id='word_1_619' title='bbox 1323 2150 1597 2221; x_wconf 84' lang='lat' dir='ltr'><strong>incompreheusibilis</strong></span> <span class='ocrx_word' id='word_1_620' title='bbox 1619 2168 1671 2208; x_wconf 93' lang='lat' dir='ltr'><strong>non</strong></span> <span class='ocrx_word' id='word_1_621' title='bbox 1685 2163 1736 2209; x_wconf 85' lang='lat' dir='ltr'><strong>eat.</strong></span> <span class='ocrx_word' id='word_1_622' title='bbox 1750 2153 1838 2223; x_wconf 84' lang='lat' dir='ltr'><strong>Quare</strong></span> <span class='ocrx_word' id='word_1_623' title='bbox 1855 2157 1877 2212; x_wconf 82' lang='lat' dir='ltr'><strong>si</strong></span> 
     </span>
     <span class='ocr_line' id='line_1_81' title="bbox 1094 2239 1879 2319; baseline 0.009 -24"><span class='ocrx_word' id='word_1_624' title='bbox 1094 2239 1211 2296; x_wconf 79' lang='lat' dir='ltr'><strong>latinitas</strong></span> <span class='ocrx_word' id='word_1_625' title='bbox 1220 2256 1391 2298; x_wconf 87' lang='lat' dir='ltr'><strong>numerorum</strong></span> <span class='ocrx_word' id='word_1_626' title='bbox 1404 2244 1522 2299; x_wconf 80' lang='lat' dir='ltr'><strong>scientiae</strong></span> <span class='ocrx_word' id='word_1_627' title='bbox 1535 2244 1581 2299; x_wconf 87' lang='lat' dir='ltr'><strong>bei</strong></span> <span class='ocrx_word' id='word_1_628' title='bbox 1593 2286 1601 2312; x_wconf 98' lang='lat'><strong>,</strong></span> <span class='ocrx_word' id='word_1_629' title='bbox 1614 2261 1665 2316; x_wconf 81' lang='lat' dir='ltr'><strong>qua</strong></span> <span class='ocrx_word' id='word_1_630' title='bbox 1675 2247 1879 2319; x_wconf 90' lang='lat' dir='ltr'><strong>comprehendi·</strong></span> 
     </span>
    </p>
   </div>
   <div class='ocr_carea' id='block_1_11' title="bbox 1093 2335 1878 2872">
    <p class='ocr_par' dir='ltr' id='par_1_11' title="bbox 1093 2335 1878 2872">
     <span class='ocr_line' id='line_1_82' title="bbox 1094 2335 1878 2406; baseline 0.01 -19"><span class='ocrx_word' id='word_1_631' title='bbox 1094 2341 1148 2400; x_wconf 86' lang='lat' dir='ltr'><strong>tur,</strong></span> <span class='ocrx_word' id='word_1_632' title='bbox 1163 2348 1223 2389; x_wconf 85' lang='lat' dir='ltr'><strong>esse</strong></span> <span class='ocrx_word' id='word_1_633' title='bbox 1233 2349 1285 2389; x_wconf 91' lang='lat' dir='ltr'><strong>non</strong></span> <span class='ocrx_word' id='word_1_634' title='bbox 1301 2343 1388 2403; x_wconf 84' lang='lat' dir='ltr'><strong>potest</strong></span> <span class='ocrx_word' id='word_1_635' title='bbox 1407 2335 1526 2402; x_wconf 65' lang='lat' dir='ltr'><strong>indolem</strong></span> <span class='ocrx_word' id='word_1_636' title='bbox 1542 2337 1586 2406; x_wconf 79' lang='lat' dir='ltr'><strong>gui</strong></span> <span class='ocrx_word' id='word_1_637' title='bbox 1602 2338 1707 2394; x_wconf 90' lang='lat' dir='ltr'><strong>taudem</strong></span> <span class='ocrx_word' id='word_1_638' title='bbox 1724 2353 1775 2394; x_wconf 83' lang='lat' dir='ltr'><strong>nos</strong></span> <span class='ocrx_word' id='word_1_639' title='bbox 1787 2355 1878 2396; x_wconf 88' lang='lat' dir='ltr'><strong>sumus</strong></span> 
     </span>
     <span class='ocr_line' id='line_1_83' title="bbox 1094 2423 1878 2500; baseline 0.009 -21"><span class='ocrx_word' id='word_1_640' title='bbox 1094 2423 1262 2491; x_wconf 89' lang='lat' dir='ltr'><strong>homunculi,</strong></span> <span class='ocrx_word' id='word_1_641' title='bbox 1276 2425 1321 2497; x_wconf 81' lang='lat' dir='ltr'><strong>qtri</strong></span> <span class='ocrx_word' id='word_1_642' title='bbox 1337 2426 1397 2494; x_wconf 79' lang='lat' dir='ltr'><strong>ejus</strong></span> <span class='ocrx_word' id='word_1_643' title='bbox 1409 2427 1527 2483; x_wconf 87' lang='lat' dir='ltr'><strong>scientiae</strong></span> <span class='ocrx_word' id='word_1_644' title='bbox 1537 2429 1635 2485; x_wconf 89' lang='lat' dir='ltr'><strong>limites</strong></span> <span class='ocrx_word' id='word_1_645' title='bbox 1646 2428 1725 2499; x_wconf 82' lang='lat' dir='ltr'><strong>ligere</strong></span> <span class='ocrx_word' id='word_1_646' title='bbox 1734 2445 1878 2500; x_wconf 70' lang='lat' dir='ltr'><strong>praesuma·</strong></span> 
     </span>
     <span class='ocr_line' id='line_1_84' title="bbox 1093 2516 1877 2596; baseline 0.004 -24"><span class='ocrx_word' id='word_1_647' title='bbox 1093 2531 1170 2584; x_wconf 88' lang='lat' dir='ltr'><strong>mus,</strong></span> <span class='ocrx_word' id='word_1_648' title='bbox 1183 2516 1302 2574; x_wconf 89' lang='lat' dir='ltr'><strong>dicentes</strong></span> <span class='ocrx_word' id='word_1_649' title='bbox 1315 2517 1386 2589; x_wconf 84' lang='lat' dir='ltr'><strong>quod</strong></span> <span class='ocrx_word' id='word_1_650' title='bbox 1397 2561 1405 2583; x_wconf 87' lang='lat'><strong>,</strong></span> <span class='ocrx_word' id='word_1_651' title='bbox 1417 2519 1467 2574; x_wconf 90' lang='lat' dir='ltr'><strong>nisi</strong></span> <span class='ocrx_word' id='word_1_652' title='bbox 1482 2519 1582 2576; x_wconf 85' lang='lat' dir='ltr'><strong>eisdem</strong></span> <span class='ocrx_word' id='word_1_653' title='bbox 1605 2521 1759 2577; x_wconf 82' lang='lat' dir='ltr'><strong>circuitibus</strong></span> <span class='ocrx_word' id='word_1_654' title='bbox 1774 2531 1877 2596; x_wconf 88' lang='lat' dir='ltr'><strong>tempo·</strong></span> 
     </span>
     <span class='ocr_line' id='line_1_85' title="bbox 1093 2606 1878 2681; baseline -0.001 -16"><span class='ocrx_word' id='word_1_655' title='bbox 1093 2623 1152 2665; x_wconf 88' lang='lat' dir='ltr'><strong>rum</strong></span> <span class='ocrx_word' id='word_1_656' title='bbox 1167 2606 1260 2665; x_wconf 91' lang='lat' dir='ltr'><strong>eadem</strong></span> <span class='ocrx_word' id='word_1_657' title='bbox 1286 2610 1438 2680; x_wconf 87' lang='lat' dir='ltr'><strong>temporalia</strong></span> <span class='ocrx_word' id='word_1_658' title='bbox 1453 2617 1622 2680; x_wconf 85' lang='lat' dir='ltr'><strong>repetantur,</strong></span> <span class='ocrx_word' id='word_1_659' title='bbox 1639 2625 1692 2667; x_wconf 92' lang='lat' dir='ltr'><strong>non</strong></span> <span class='ocrx_word' id='word_1_660' title='bbox 1706 2618 1794 2681; x_wconf 87' lang='lat' dir='ltr'><strong>potest</strong></span> <span class='ocrx_word' id='word_1_661' title='bbox 1811 2612 1878 2669; x_wconf 80' lang='lat' dir='ltr'><strong>bears</strong></span> 
     </span>
     <span class='ocr_line' id='line_1_86' title="bbox 1094 2698 1877 2769; baseline 0.005 -16"><span class='ocrx_word' id='word_1_662' title='bbox 1094 2707 1189 2754; x_wconf 90' lang='lat' dir='ltr'><strong>cuncta</strong></span> <span class='ocrx_word' id='word_1_663' title='bbox 1202 2715 1260 2769; x_wconf 78' lang='lat' dir='ltr'><strong>qua</strong></span> <span class='ocrx_word' id='word_1_664' title='bbox 1271 2700 1333 2755; x_wconf 90' lang='lat' dir='ltr'><strong>lecit</strong></span> <span class='ocrx_word' id='word_1_665' title='bbox 1346 2701 1387 2754; x_wconf 88' lang='lat' dir='ltr'><strong>vol</strong></span> <span class='ocrx_word' id='word_1_666' title='bbox 1404 2701 1530 2769; x_wconf 75' lang='lat' dir='ltr'><strong>praescire</strong></span> <span class='ocrx_word' id='word_1_667' title='bbox 1542 2709 1571 2755; x_wconf 91' lang='lat' dir='ltr'><strong>nt</strong></span> <span class='ocrx_word' id='word_1_668' title='bbox 1581 2698 1671 2767; x_wconf 89' lang='lat' dir='ltr'><strong>iaciat,</strong></span> <span class='ocrx_word' id='word_1_669' title='bbox 1686 2700 1727 2756; x_wconf 82' lang='lat' dir='ltr'><strong>sel</strong></span> <span class='ocrx_word' id='word_1_670' title='bbox 1738 2703 1877 2757; x_wconf 82' lang='lat' dir='ltr'><strong>scirecum</strong></span> 
     </span>
     <span class='ocr_line' id='line_1_87' title="bbox 1094 2782 1877 2872; baseline 0.003 -29"><span class='ocrx_word' id='word_1_671' title='bbox 1094 2787 1209 2845; x_wconf 85' lang='lat' dir='ltr'><strong>teceritl</strong></span> <span class='ocrx_word' id='word_1_672' title='bbox 1221 2789 1297 2859; x_wconf 81' lang='lat' dir='ltr'><strong>eujus</strong></span> <span class='ocrx_word' id='word_1_673' title='bbox 1311 2790 1439 2860; x_wconf 87' lang='lat' dir='ltr'><strong>sapientia</strong></span> <span class='ocrx_word' id='word_1_674' title='bbox 1453 2789 1609 2861; x_wconf 87' lang='lat' dir='ltr'><strong>simpliciter</strong></span> <span class='ocrx_word' id='word_1_675' title='bbox 1628 2791 1764 2872; x_wconf 80' lang='lat' dir='ltr'><strong>multiplex</strong></span> <span class='ocrx_word' id='word_1_676' title='bbox 1777 2782 1806 2847; x_wconf 82' lang='grc' dir='ltr'><strong>ει</strong></span> <span class='ocrx_word' id='word_1_677' title='bbox 1819 2794 1877 2846; x_wconf 91' lang='lat' dir='ltr'><strong>oni-</strong></span> 
     </span>
    </p>
   </div>
   <div class='ocr_carea' id='block_1_12' title="bbox 1093 2871 1878 3410">
    <p class='ocr_par' dir='ltr' id='par_1_12' title="bbox 1093 2871 1878 3410">
     <span class='ocr_line' id='line_1_88' title="bbox 1094 2871 1878 2954; baseline 0.006 -20"><span class='ocrx_word' id='word_1_678' title='bbox 1094 2878 1215 2936; x_wconf 89' lang='lat' dir='ltr'><strong>iormiter</strong></span> <span class='ocrx_word' id='word_1_679' title='bbox 1228 2880 1408 2947; x_wconf 76' lang='lat' dir='ltr'><strong>multiformis,</strong></span> <span class='ocrx_word' id='word_1_680' title='bbox 1418 2891 1471 2936; x_wconf 90' lang='lat' dir='ltr'><strong>tam</strong></span> <span class='ocrx_word' id='word_1_681' title='bbox 1487 2871 1746 2951; x_wconf 85' lang='lat' dir='ltr'><strong>incomprehensibili</strong></span> <span class='ocrx_word' id='word_1_682' title='bbox 1758 2899 1878 2954; x_wconf 84' lang='lat' dir='ltr'><strong>compre-</strong></span> 
     </span>
     <span class='ocr_line' id='line_1_89' title="bbox 1094 2969 1878 3042; baseline 0.001 -17"><span class='ocrx_word' id='word_1_683' title='bbox 1094 2970 1223 3026; x_wconf 90' lang='lat' dir='ltr'><strong>hensione</strong></span> <span class='ocrx_word' id='word_1_684' title='bbox 1235 2969 1325 3025; x_wconf 91' lang='lat' dir='ltr'><strong>omnia</strong></span> <span class='ocrx_word' id='word_1_685' title='bbox 1334 2970 1608 3041; x_wconf 84' lang='lat' dir='ltr'><strong>incomprehensibilia</strong></span> <span class='ocrx_word' id='word_1_686' title='bbox 1621 2973 1837 3042; x_wconf 86' lang='lat' dir='ltr'><strong>comprehendit,</strong></span> <span class='ocrx_word' id='word_1_687' title='bbox 1850 2983 1878 3027; x_wconf 90' lang='lat' dir='ltr'><strong>ut</strong></span> 
     </span>
     <span class='ocr_line' id='line_1_90' title="bbox 1093 3051 1876 3134; baseline 0.004 -18"><span class='ocrx_word' id='word_1_688' title='bbox 1093 3060 1266 3134; x_wconf 72' lang='lat' dir='ltr'><strong>quocumque</strong></span> <span class='ocrx_word' id='word_1_689' title='bbox 1278 3078 1345 3117; x_wconf 87' lang='lat' dir='ltr'><strong>novo</strong></span> <span class='ocrx_word' id='word_1_690' title='bbox 1355 3069 1384 3118; x_wconf 88' lang='grc' dir='ltr'><strong>ει</strong></span> <span class='ocrx_word' id='word_1_691' title='bbox 1401 3051 1537 3117; x_wconf 88' lang='lat' dir='ltr'><strong>dissimilia</strong></span> <span class='ocrx_word' id='word_1_692' title='bbox 1553 3063 1763 3132; x_wconf 83' lang='lat' dir='ltr'><strong>cotrsetprcntia¹</strong></span> <span class='ocrx_word' id='word_1_693' title='bbox 1780 3077 1876 3133; x_wconf 70' lang='lat' dir='ltr'><strong>praeoe-</strong></span> 
     </span>
     <span class='ocr_line' id='line_1_91' title="bbox 1094 3152 1878 3226; baseline -0.001 -17"><span class='ocrx_word' id='word_1_694' title='bbox 1094 3154 1217 3210; x_wconf 88' lang='lat' dir='ltr'><strong>dentibus</strong></span> <span class='ocrx_word' id='word_1_695' title='bbox 1237 3155 1260 3210; x_wconf 87' lang='lat' dir='ltr'><strong>ei</strong></span> <span class='ocrx_word' id='word_1_696' title='bbox 1277 3170 1384 3226; x_wconf 84' lang='lat' dir='ltr'><strong>semper</strong></span> <span class='ocrx_word' id='word_1_697' title='bbox 1406 3152 1593 3220; x_wconf 83' lang='lat' dir='ltr'><strong>tacereveliet,</strong></span> <span class='ocrx_word' id='word_1_698' title='bbox 1608 3153 1757 3210; x_wconf 73' lang='lat' dir='ltr'><strong>incardinato</strong></span> <span class='ocrx_word' id='word_1_699' title='bbox 1781 3164 1810 3210; x_wconf 89' lang='lat' dir='ltr'><strong>et</strong></span> <span class='ocrx_word' id='word_1_700' title='bbox 1826 3154 1878 3209; x_wconf 85' lang='lat' dir='ltr'><strong>irrr-</strong></span> 
     </span>
     <span class='ocr_line' id='line_1_92' title="bbox 1093 3244 1875 3318; baseline 0.001 -16"><span class='ocrx_word' id='word_1_701' title='bbox 1093 3247 1199 3317; x_wconf 82' lang='lat' dir='ltr'><strong>proriaa</strong></span> <span class='ocrx_word' id='word_1_702' title='bbox 1213 3244 1312 3304; x_wconf 87' lang='lat' dir='ltr'><strong>habere</strong></span> <span class='ocrx_word' id='word_1_703' title='bbox 1323 3262 1375 3302; x_wconf 92' lang='lat' dir='ltr'><strong>non</strong></span> <span class='ocrx_word' id='word_1_704' title='bbox 1387 3256 1493 3318; x_wconf 86' lang='lat' dir='ltr'><strong>posset;</strong></span> <span class='ocrx_word' id='word_1_705' title='bbox 1508 3262 1558 3303; x_wconf 90' lang='lat' dir='ltr'><strong>nec</strong></span> <span class='ocrx_word' id='word_1_706' title='bbox 1566 3262 1597 3303; x_wconf 90' lang='lat' dir='ltr'><strong>ea</strong></span> <span class='ocrx_word' id='word_1_707' title='bbox 1608 3247 1765 3316; x_wconf 74' lang='lat' dir='ltr'><strong>praevideret</strong></span> <span class='ocrx_word' id='word_1_708' title='bbox 1774 3262 1806 3303; x_wconf 83' lang='lat' dir='ltr'><strong>et</strong></span> <span class='ocrx_word' id='word_1_709' title='bbox 1818 3261 1875 3317; x_wconf 78' lang='lat' dir='ltr'><strong>pro</strong></span> 
     </span>
     <span class='ocr_line' id='line_1_93' title="bbox 1093 3337 1840 3410; baseline 0.001 -16"><span class='ocrx_word' id='word_1_710' title='bbox 1093 3337 1166 3394; x_wconf 83' lang='lat' dir='ltr'><strong>ximo</strong></span> <span class='ocrx_word' id='word_1_711' title='bbox 1178 3345 1314 3408; x_wconf 87' lang='lat' dir='ltr'><strong>ternpore,</strong></span> <span class='ocrx_word' id='word_1_712' title='bbox 1329 3337 1376 3393; x_wconf 84' lang='lat' dir='ltr'><strong>sed</strong></span> <span class='ocrx_word' id='word_1_713' title='bbox 1388 3349 1487 3393; x_wconf 87' lang='lat' dir='ltr'><strong>aeterna</strong></span> <span class='ocrx_word' id='word_1_714' title='bbox 1502 3338 1668 3410; x_wconf 69' lang='lat' dir='ltr'><strong>praescientia</strong></span> <span class='ocrx_word' id='word_1_715' title='bbox 1681 3338 1840 3396; x_wconf 82' lang='lat' dir='ltr'><strong>contineret.</strong></span> 
     </span>
    </p>
   </div>
   <div class='ocr_carea' id='block_1_13' title="bbox 1189 3447 1778 3509">
    <p class='ocr_par' dir='ltr' id='par_1_13' title="bbox 1189 3447 1778 3509">
     <span class='ocr_line' id='line_1_94' title="bbox 1189 3447 1778 3509; baseline -0.007 -1"><span class='ocrx_word' id='word_1_716' title='bbox 1189 3450 1302 3509; x_wconf 78' lang='lat' dir='ltr'><strong>catut</strong></span> <span class='ocrx_word' id='word_1_717' title='bbox 1320 3448 1392 3506; x_wconf 85' lang='lat' dir='ltr'><strong>lttlt.</strong></span> <span class='ocrx_word' id='word_1_718' title='bbox 1405 3479 1443 3491; x_wconf 91' lang='lat'><em>-</em></span> <span class='ocrx_word' id='word_1_719' title='bbox 1455 3447 1495 3505; x_wconf 81' lang='lat' dir='ltr'><strong>De</strong></span> <span class='ocrx_word' id='word_1_720' title='bbox 1509 3450 1607 3505; x_wconf 85' lang='lat' dir='ltr'><strong>toecnlir</strong></span> <span class='ocrx_word' id='word_1_721' title='bbox 1617 3451 1778 3504; x_wconf 78' lang='lat' dir='ltr'><strong>accelerata.</strong></span> 
     </span>
    </p>
   </div>
   <div class='ocr_carea' id='block_1_14' title="bbox 1091 3560 1881 5178">
    <p class='ocr_par' dir='ltr' id='par_1_14' title="bbox 1091 3560 1881 5178">
     <span class='ocr_line' id='line_1_95' title="bbox 1102 3560 1877 3632; baseline 0.001 -15"><span class='ocrx_word' id='word_1_722' title='bbox 1102 3570 1107 3579; x_wconf 86' lang='grc'><strong>’</strong></span> <span class='ocrx_word' id='word_1_723' title='bbox 1128 3563 1203 3632; x_wconf 90' lang='lat' dir='ltr'><strong>Quod</strong></span> <span class='ocrx_word' id='word_1_724' title='bbox 1217 3572 1304 3618; x_wconf 91' lang='lat' dir='ltr'><strong>utrum</strong></span> <span class='ocrx_word' id='word_1_725' title='bbox 1325 3563 1361 3617; x_wconf 91' lang='lat' dir='ltr'><strong>ito</strong></span> <span class='ocrx_word' id='word_1_726' title='bbox 1376 3560 1454 3616; x_wconf 87' lang='lat' dir='ltr'><strong>lactat</strong></span> <span class='ocrx_word' id='word_1_727' title='bbox 1466 3562 1488 3627; x_wconf 85' lang='lat'><strong>⁸,</strong></span> <span class='ocrx_word' id='word_1_728' title='bbox 1503 3572 1530 3618; x_wconf 92' lang='lat' dir='ltr'><strong>et</strong></span> <span class='ocrx_word' id='word_1_729' title='bbox 1542 3563 1693 3617; x_wconf 89' lang='lat' dir='ltr'><strong>continuata</strong></span> <span class='ocrx_word' id='word_1_730' title='bbox 1713 3562 1764 3618; x_wconf 84' lang='lat' dir='ltr'><strong>sihi</strong></span> <span class='ocrx_word' id='word_1_731' title='bbox 1779 3577 1877 3619; x_wconf 80' lang='lat' dir='ltr'><strong>mnne·</strong></span> 
     </span>
     <span class='ocr_line' id='line_1_96' title="bbox 1092 3652 1875 3725; baseline 0 -16"><span class='ocrx_word' id='word_1_732' title='bbox 1092 3653 1173 3709; x_wconf 77' lang='lat' dir='ltr'><strong>aione</strong></span> <span class='ocrx_word' id='word_1_733' title='bbox 1184 3653 1342 3722; x_wconf 88' lang='lat' dir='ltr'><strong>copulentur</strong></span> <span class='ocrx_word' id='word_1_734' title='bbox 1353 3668 1413 3725; x_wconf 81' lang='lat' dir='ltr'><strong>qtrae</strong></span> <span class='ocrx_word' id='word_1_735' title='bbox 1423 3652 1589 3723; x_wconf 86' lang='lat' dir='ltr'><strong>appellantur</strong></span> <span class='ocrx_word' id='word_1_736' title='bbox 1602 3654 1698 3708; x_wconf 78' lang='lat' dir='ltr'><strong>sacoma</strong></span> <span class='ocrx_word' id='word_1_737' title='bbox 1708 3655 1875 3722; x_wconf 78' lang='lat' dir='ltr'><strong>seculorum,</strong></span> 
     </span>
     <span class='ocr_line' id='line_1_97' title="bbox 1093 3742 1877 3816; baseline 0 -16"><span class='ocrx_word' id='word_1_738' title='bbox 1093 3745 1145 3800; x_wconf 90' lang='lat' dir='ltr'><strong>alia</strong></span> <span class='ocrx_word' id='word_1_739' title='bbox 1157 3753 1244 3799; x_wconf 80' lang='lat' dir='ltr'><strong>mmen</strong></span> <span class='ocrx_word' id='word_1_740' title='bbox 1264 3754 1344 3816; x_wconf 86' lang='lat' dir='ltr'><strong>atqne</strong></span> <span class='ocrx_word' id='word_1_741' title='bbox 1366 3743 1427 3811; x_wconf 89' lang='lat' dir='ltr'><strong>alia,</strong></span> <span class='ocrx_word' id='word_1_742' title='bbox 1442 3742 1564 3800; x_wconf 88' lang='lat' dir='ltr'><strong>ordinata</strong></span> <span class='ocrx_word' id='word_1_743' title='bbox 1583 3742 1799 3800; x_wconf 88' lang='lat' dir='ltr'><strong>dissimilitudine</strong></span> <span class='ocrx_word' id='word_1_744' title='bbox 1817 3761 1877 3816; x_wconf 87' lang='lat' dir='ltr'><strong>pro·</strong></span> 
     </span>
     <span class='ocr_line' id='line_1_98' title="bbox 1092 3834 1876 3906; baseline -0.003 -12"><span class='ocrx_word' id='word_1_745' title='bbox 1092 3837 1224 3894; x_wconf 83' lang='lat' dir='ltr'><strong>crrrrmtta</strong></span> <span class='ocrx_word' id='word_1_746' title='bbox 1235 3877 1242 3901; x_wconf 88' lang='lat'><strong>,</strong></span> <span class='ocrx_word' id='word_1_747' title='bbox 1255 3841 1296 3892; x_wconf 88' lang='lat' dir='ltr'><strong>ets</strong></span> <span class='ocrx_word' id='word_1_748' title='bbox 1309 3836 1436 3892; x_wconf 82' lang='lat' dir='ltr'><strong>duntaxat</strong></span> <span class='ocrx_word' id='word_1_749' title='bbox 1453 3835 1498 3906; x_wconf 84' lang='lat' dir='ltr'><strong>qui</strong></span> <span class='ocrx_word' id='word_1_750' title='bbox 1514 3850 1548 3891; x_wconf 83' lang='lat' dir='ltr'><strong>ex</strong></span> <span class='ocrx_word' id='word_1_751' title='bbox 1566 3834 1672 3891; x_wconf 90' lang='lat' dir='ltr'><strong>miseria</strong></span> <span class='ocrx_word' id='word_1_752' title='bbox 1692 3834 1840 3893; x_wconf 88' lang='lat' dir='ltr'><strong>liberantur</strong></span> <span class='ocrx_word' id='word_1_753' title='bbox 1851 3837 1876 3892; x_wconf 91' lang='lat' dir='ltr'><strong>ln</strong></span> 
     </span>
     <span class='ocr_line' id='line_1_99' title="bbox 1092 3924 1878 3994; baseline -0.003 -10"><span class='ocrx_word' id='word_1_754' title='bbox 1092 3942 1139 3984; x_wconf 88' lang='lat' dir='ltr'><strong>sua</strong></span> <span class='ocrx_word' id='word_1_755' title='bbox 1151 3926 1226 3983; x_wconf 87' lang='lat' dir='ltr'><strong>beata</strong></span> <span class='ocrx_word' id='word_1_756' title='bbox 1237 3927 1435 3983; x_wconf 88' lang='lat' dir='ltr'><strong>immortalitate</strong></span> <span class='ocrx_word' id='word_1_757' title='bbox 1453 3925 1511 3982; x_wconf 87' lang='lat' dir='ltr'><strong>sine</strong></span> <span class='ocrx_word' id='word_1_758' title='bbox 1526 3924 1578 3982; x_wconf 90' lang='lat' dir='ltr'><strong>line</strong></span> <span class='ocrx_word' id='word_1_759' title='bbox 1594 3927 1780 3994; x_wconf 86' lang='lat' dir='ltr'><strong>manentibus;</strong></span> <span class='ocrx_word' id='word_1_760' title='bbox 1795 3943 1829 3983; x_wconf 89' lang='lat' dir='ltr'><strong>an</strong></span> <span class='ocrx_word' id='word_1_761' title='bbox 1843 3929 1878 3983; x_wconf 89' lang='lat' dir='ltr'><strong>ita</strong></span> 
     </span>
     <span class='ocr_line' id='line_1_100' title="bbox 1092 4018 1878 4093; baseline 0.001 -19"><span class='ocrx_word' id='word_1_762' title='bbox 1092 4018 1214 4076; x_wconf 87' lang='lat' dir='ltr'><strong>dicantur</strong></span> <span class='ocrx_word' id='word_1_763' title='bbox 1233 4018 1329 4075; x_wconf 61' lang='lat' dir='ltr'><strong>meula</strong></span> <span class='ocrx_word' id='word_1_764' title='bbox 1350 4018 1525 4087; x_wconf 77' lang='lat' dir='ltr'><strong>saeculorum,</strong></span> <span class='ocrx_word' id='word_1_765' title='bbox 1541 4027 1571 4074; x_wconf 91' lang='lat' dir='ltr'><strong>ut</strong></span> <span class='ocrx_word' id='word_1_766' title='bbox 1584 4019 1765 4093; x_wconf 75' lang='lat' dir='ltr'><strong>lintelligantur</strong></span> <span class='ocrx_word' id='word_1_767' title='bbox 1783 4021 1878 4077; x_wconf 64' lang='lat' dir='ltr'><strong>moola</strong></span> 
     </span>
     <span class='ocr_line' id='line_1_101' title="bbox 1093 4109 1876 4179; baseline -0.001 -14"><span class='ocrx_word' id='word_1_768' title='bbox 1093 4110 1120 4165; x_wconf 92' lang='lat' dir='ltr'><strong>in</strong></span> <span class='ocrx_word' id='word_1_769' title='bbox 1147 4109 1273 4179; x_wconf 86' lang='lat' dir='ltr'><strong>sapientia</strong></span> <span class='ocrx_word' id='word_1_770' title='bbox 1301 4109 1346 4164; x_wconf 82' lang='lat' dir='ltr'><strong>liei</strong></span> <span class='ocrx_word' id='word_1_771' title='bbox 1375 4110 1532 4166; x_wconf 88' lang='lat' dir='ltr'><strong>inconcussa</strong></span> <span class='ocrx_word' id='word_1_772' title='bbox 1560 4109 1705 4166; x_wconf 87' lang='lat' dir='ltr'><strong>stabilitate</strong></span> <span class='ocrx_word' id='word_1_773' title='bbox 1727 4110 1876 4177; x_wconf 88' lang='lat' dir='ltr'><strong>manentia,</strong></span> 
     </span>
     <span class='ocr_line' id='line_1_102' title="bbox 1093 4200 1878 4271; baseline 0.001 -15"><span class='ocrx_word' id='word_1_774' title='bbox 1093 4200 1203 4256; x_wconf 88' lang='lat' dir='ltr'><strong>istorum</strong></span> <span class='ocrx_word' id='word_1_775' title='bbox 1224 4215 1284 4271; x_wconf 77' lang='lat' dir='ltr'><strong>gurm</strong></span> <span class='ocrx_word' id='word_1_776' title='bbox 1301 4214 1363 4255; x_wconf 90' lang='lat' dir='ltr'><strong>eum</strong></span> <span class='ocrx_word' id='word_1_777' title='bbox 1384 4208 1504 4270; x_wconf 86' lang='lat' dir='ltr'><strong>tempore</strong></span> <span class='ocrx_word' id='word_1_778' title='bbox 1525 4206 1662 4255; x_wconf 86' lang='lat' dir='ltr'><strong>transeunt</strong></span> <span class='ocrx_word' id='word_1_779' title='bbox 1678 4209 1802 4271; x_wconf 82' lang='lat' dir='ltr'><strong>tanguam</strong></span> <span class='ocrx_word' id='word_1_780' title='bbox 1823 4200 1878 4257; x_wconf 80' lang='lat' dir='ltr'><strong>ettt·</strong></span> 
     </span>
     <span class='ocr_line' id='line_1_103' title="bbox 1093 4289 1878 4363; baseline 0.001 -17"><span class='ocrx_word' id='word_1_781' title='bbox 1093 4291 1188 4346; x_wconf 86' lang='lat' dir='ltr'><strong>eietrtia</strong></span> <span class='ocrx_word' id='word_1_782' title='bbox 1202 4291 1378 4357; x_wconf 76' lang='lat' dir='ltr'><strong>soculorum,</strong></span> <span class='ocrx_word' id='word_1_783' title='bbox 1391 4289 1502 4346; x_wconf 87' lang='lat' dir='ltr'><strong>delinire</strong></span> <span class='ocrx_word' id='word_1_784' title='bbox 1515 4306 1568 4347; x_wconf 93' lang='lat' dir='ltr'><strong>non</strong></span> <span class='ocrx_word' id='word_1_785' title='bbox 1585 4290 1670 4347; x_wconf 89' lang='lat' dir='ltr'><strong>audeo</strong></span> <span class='ocrx_word' id='word_1_786' title='bbox 1684 4291 1733 4363; x_wconf 80' lang='grc' dir='ltr'><strong>(ε).</strong></span> <span class='ocrx_word' id='word_1_787' title='bbox 1747 4291 1878 4348; x_wconf 82' lang='lat' dir='ltr'><strong>Fortassis</strong></span> 
     </span>
     <span class='ocr_line' id='line_1_104' title="bbox 1092 4382 1877 4454; baseline -0.001 -14"><span class='ocrx_word' id='word_1_788' title='bbox 1092 4385 1163 4442; x_wconf 79' lang='lat' dir='ltr'><strong>eram</strong></span> <span class='ocrx_word' id='word_1_789' title='bbox 1175 4384 1258 4452; x_wconf 88' lang='lat' dir='ltr'><strong>possit</strong></span> <span class='ocrx_word' id='word_1_790' title='bbox 1269 4383 1321 4440; x_wconf 88' lang='lat' dir='ltr'><strong>dici</strong></span> <span class='ocrx_word' id='word_1_791' title='bbox 1333 4382 1471 4451; x_wconf 80' lang='lat' dir='ltr'><strong>saeculnm,</strong></span> <span class='ocrx_word' id='word_1_792' title='bbox 1484 4397 1544 4454; x_wconf 81' lang='lat' dir='ltr'><strong>quae</strong></span> <span class='ocrx_word' id='word_1_793' title='bbox 1557 4391 1622 4438; x_wconf 88' lang='lat' dir='ltr'><strong>sunt</strong></span> <span class='ocrx_word' id='word_1_794' title='bbox 1640 4383 1736 4438; x_wconf 66' lang='lat' dir='ltr'><strong>sacoma</strong></span> <span class='ocrx_word' id='word_1_795' title='bbox 1749 4399 1757 4450; x_wconf 90' lang='grc'>;</span> <span class='ocrx_word' id='word_1_796' title='bbox 1771 4392 1802 4438; x_wconf 81' lang='grc' dir='ltr'><strong>ιιι</strong></span> <span class='ocrx_word' id='word_1_797' title='bbox 1815 4383 1877 4441; x_wconf 91' lang='lat' dir='ltr'><strong>nihil</strong></span> 
     </span>
     <span class='ocr_line' id='line_1_105' title="bbox 1092 4475 1877 4547; baseline 0 -15"><span class='ocrx_word' id='word_1_798' title='bbox 1092 4475 1162 4532; x_wconf 85' lang='lat' dir='ltr'><strong>alirrd</strong></span> <span class='ocrx_word' id='word_1_799' title='bbox 1176 4476 1348 4547; x_wconf 80' lang='lat' dir='ltr'><strong>perhibeatur</strong></span> <span class='ocrx_word' id='word_1_800' title='bbox 1358 4475 1484 4531; x_wconf 64' lang='lat' dir='ltr'><strong>monium</strong></span> <span class='ocrx_word' id='word_1_801' title='bbox 1501 4475 1609 4539; x_wconf 76' lang='lat' dir='ltr'><strong>saeculi,</strong></span> <span class='ocrx_word' id='word_1_802' title='bbox 1620 4491 1703 4546; x_wconf 76' lang='lat' dir='ltr'><strong>guam</strong></span> <span class='ocrx_word' id='word_1_803' title='bbox 1716 4477 1814 4532; x_wconf 77' lang='lat' dir='ltr'><strong>sucula</strong></span> <span class='ocrx_word' id='word_1_804' title='bbox 1828 4493 1877 4532; x_wconf 79' lang='lat' dir='ltr'><strong>so·</strong></span> 
     </span>
     <span class='ocr_line' id='line_1_106' title="bbox 1092 4565 1878 4636; baseline -0.004 -12"><span class='ocrx_word' id='word_1_805' title='bbox 1092 4567 1211 4624; x_wconf 75' lang='lat' dir='ltr'><strong>culturum</strong></span> <span class='ocrx_word' id='word_1_806' title='bbox 1223 4584 1230 4621; x_wconf 90' lang='lat'><strong>:</strong></span> <span class='ocrx_word' id='word_1_807' title='bbox 1244 4567 1312 4623; x_wconf 89' lang='lat' dir='ltr'><strong>sicut</strong></span> <span class='ocrx_word' id='word_1_808' title='bbox 1325 4566 1391 4622; x_wconf 90' lang='lat' dir='ltr'><strong>nihil</strong></span> <span class='ocrx_word' id='word_1_809' title='bbox 1405 4565 1476 4622; x_wconf 89' lang='lat' dir='ltr'><strong>aliud</strong></span> <span class='ocrx_word' id='word_1_810' title='bbox 1485 4566 1582 4622; x_wconf 91' lang='lat' dir='ltr'><strong>dicitur</strong></span> <span class='ocrx_word' id='word_1_811' title='bbox 1595 4566 1690 4621; x_wconf 84' lang='lat' dir='ltr'><strong>coelum</strong></span> <span class='ocrx_word' id='word_1_812' title='bbox 1703 4567 1764 4622; x_wconf 85' lang='lat' dir='ltr'><strong>coeli</strong></span> <span class='ocrx_word' id='word_1_813' title='bbox 1777 4608 1786 4634; x_wconf 98' lang='lat'><strong>,</strong></span> <span class='ocrx_word' id='word_1_814' title='bbox 1801 4581 1878 4636; x_wconf 81' lang='lat' dir='ltr'><strong>gnam</strong></span> 
     </span>
     <span class='ocr_line' id='line_1_107' title="bbox 1092 4654 1878 4715; baseline -0.004 -1"><span class='ocrx_word' id='word_1_815' title='bbox 1092 4659 1152 4715; x_wconf 85' lang='lat' dir='ltr'><strong>coeli</strong></span> <span class='ocrx_word' id='word_1_816' title='bbox 1170 4658 1310 4714; x_wconf 89' lang='lat' dir='ltr'><strong>eoeloruro.</strong></span> <span class='ocrx_word' id='word_1_817' title='bbox 1324 4656 1391 4713; x_wconf 87' lang='lat' dir='ltr'><strong>Nam</strong></span> <span class='ocrx_word' id='word_1_818' title='bbox 1404 4656 1500 4712; x_wconf 87' lang='lat' dir='ltr'><strong>coelrrrn</strong></span> <span class='ocrx_word' id='word_1_819' title='bbox 1514 4654 1585 4711; x_wconf 84' lang='lat' dir='ltr'><strong>bcus</strong></span> <span class='ocrx_word' id='word_1_820' title='bbox 1603 4655 1707 4711; x_wconf 80' lang='lat' dir='ltr'><strong>vocavit</strong></span> <span class='ocrx_word' id='word_1_821' title='bbox 1725 4655 1878 4712; x_wconf 83' lang='lat' dir='ltr'><strong>hrnratnen·</strong></span> 
     </span>
     <span class='ocr_line' id='line_1_108' title="bbox 1093 4745 1879 4821; baseline -0.005 -16"><span class='ocrx_word' id='word_1_822' title='bbox 1093 4759 1147 4805; x_wconf 90' lang='lat' dir='ltr'><strong>turn</strong></span> <span class='ocrx_word' id='word_1_823' title='bbox 1173 4765 1253 4821; x_wconf 86' lang='lat' dir='ltr'><strong>super</strong></span> <span class='ocrx_word' id='word_1_824' title='bbox 1275 4749 1345 4819; x_wconf 81' lang='lat' dir='ltr'><strong>guod</strong></span> <span class='ocrx_word' id='word_1_825' title='bbox 1367 4757 1429 4804; x_wconf 84' lang='lat' dir='ltr'><strong>snm</strong></span> <span class='ocrx_word' id='word_1_826' title='bbox 1450 4763 1524 4818; x_wconf 84' lang='lat' dir='ltr'><strong>aquae</strong></span> <span class='ocrx_word' id='word_1_827' title='bbox 1550 4745 1625 4819; x_wconf 86' lang='lat' dir='ltr'><strong>(Gen.</strong></span> <span class='ocrx_word' id='word_1_828' title='bbox 1641 4762 1660 4809; x_wconf 83' lang='lat' dir='ltr'><strong>r.</strong></span> <span class='ocrx_word' id='word_1_829' title='bbox 1674 4746 1720 4816; x_wconf 81' lang='lat'><strong>8).</strong></span> <span class='ocrx_word' id='word_1_830' title='bbox 1745 4755 1879 4804; x_wconf 87' lang='lat' dir='ltr'><strong>ettamen</strong></span> 
     </span>
     <span class='ocr_line' id='line_1_109' title="bbox 1092 4820 1881 4910; baseline -0.004 -14"><span class='ocrx_word' id='word_1_831' title='bbox 1092 4840 1223 4907; x_wconf 84' lang='lat' dir='ltr'><strong>Psalmus,</strong></span> <span class='ocrx_word' id='word_1_832' title='bbox 1238 4838 1273 4893; x_wconf 71' lang='lat' dir='ltr'><strong>tir</strong></span> <span class='ocrx_word' id='word_1_833' title='bbox 1286 4852 1369 4910; x_wconf 76' lang='lat' dir='ltr'><strong>aquo,</strong></span> <span class='ocrx_word' id='word_1_834' title='bbox 1385 4837 1481 4907; x_wconf 82' lang='lat' dir='ltr'><strong>inquit,</strong></span> <span class='ocrx_word' id='word_1_835' title='bbox 1494 4853 1551 4907; x_wconf 80' lang='lat' dir='ltr'><strong>quer</strong></span> <span class='ocrx_word' id='word_1_836' title='bbox 1563 4853 1639 4907; x_wconf 80' lang='lat' dir='ltr'><strong>saper</strong></span> <span class='ocrx_word' id='word_1_837' title='bbox 1648 4820 1724 4892; x_wconf 66' lang='lat' dir='ltr'><strong>coelos</strong></span> <span class='ocrx_word' id='word_1_838' title='bbox 1736 4848 1807 4903; x_wconf 80' lang='lat' dir='ltr'><strong>aunt,</strong></span> <span class='ocrx_word' id='word_1_839' title='bbox 1825 4838 1881 4893; x_wconf 77' lang='lat' dir='ltr'><strong>lat-</strong></span> 
     </span>
     <span class='ocr_line' id='line_1_110' title="bbox 1092 4917 1879 4999; baseline -0.003 -15"><span class='ocrx_word' id='word_1_840' title='bbox 1092 4931 1152 4985; x_wconf 84' lang='lat' dir='ltr'><strong>dent</strong></span> <span class='ocrx_word' id='word_1_841' title='bbox 1164 4917 1253 4985; x_wconf 85' lang='lat' dir='ltr'><strong>nomen</strong></span> <span class='ocrx_word' id='word_1_842' title='bbox 1268 4928 1370 4983; x_wconf 73' lang='lat' dir='ltr'><strong>hattoni</strong></span> <span class='ocrx_word' id='word_1_843' title='bbox 1381 4926 1464 4999; x_wconf 78' lang='lat' dir='ltr'><strong>(Pani.</strong></span> <span class='ocrx_word' id='word_1_844' title='bbox 1478 4942 1584 4991; x_wconf 81' lang='lat' dir='ltr'><strong>cruorit,</strong></span> <span class='ocrx_word' id='word_1_845' title='bbox 1599 4927 1639 4998; x_wconf 80' lang='lat' dir='ltr'><strong>l).</strong></span> <span class='ocrx_word' id='word_1_846' title='bbox 1654 4926 1721 4994; x_wconf 84' lang='lat' dir='ltr'><strong>Quid</strong></span> <span class='ocrx_word' id='word_1_847' title='bbox 1737 4942 1802 4997; x_wconf 90' lang='lat' dir='ltr'><strong>ergo</strong></span> <span class='ocrx_word' id='word_1_848' title='bbox 1816 4928 1879 4982; x_wconf 90' lang='lat' dir='ltr'><strong>isto-</strong></span> 
     </span>
     <span class='ocr_line' id='line_1_111' title="bbox 1092 5001 1879 5088; baseline -0.005 -12"><span class='ocrx_word' id='word_1_849' title='bbox 1092 5037 1152 5076; x_wconf 88' lang='lat' dir='ltr'><strong>rum</strong></span> <span class='ocrx_word' id='word_1_850' title='bbox 1164 5021 1276 5075; x_wconf 91' lang='lat' dir='ltr'><strong>duorum</strong></span> <span class='ocrx_word' id='word_1_851' title='bbox 1289 5019 1335 5085; x_wconf 85' lang='lat' dir='ltr'><strong>sit,</strong></span> <span class='ocrx_word' id='word_1_852' title='bbox 1348 5033 1382 5073; x_wconf 91' lang='lat' dir='ltr'><strong>au</strong></span> <span class='ocrx_word' id='word_1_853' title='bbox 1396 5001 1493 5088; x_wconf 74' lang='lat' dir='ltr'><strong>prmt&#39;er</strong></span> <span class='ocrx_word' id='word_1_854' title='bbox 1506 5016 1564 5071; x_wconf 71' lang='lat' dir='ltr'><strong>bac</strong></span> <span class='ocrx_word' id='word_1_855' title='bbox 1579 5016 1633 5072; x_wconf 80' lang='lat' dir='ltr'><strong>dato</strong></span> <span class='ocrx_word' id='word_1_856' title='bbox 1645 5015 1744 5086; x_wconf 85' lang='lat' dir='ltr'><strong>aliquid</strong></span> <span class='ocrx_word' id='word_1_857' title='bbox 1759 5016 1832 5071; x_wconf 89' lang='lat' dir='ltr'><strong>aliud</strong></span> <span class='ocrx_word' id='word_1_858' title='bbox 1845 5014 1879 5072; x_wconf 83' lang='lat' dir='ltr'><strong>do</strong></span> 
     </span>
     <span class='ocr_line' id='line_1_112' title="bbox 1091 5105 1881 5178; baseline -0.005 -13"><span class='ocrx_word' id='word_1_859' title='bbox 1091 5112 1198 5167; x_wconf 76' lang='lat' dir='ltr'><strong>ansulis</strong></span> <span class='ocrx_word' id='word_1_860' title='bbox 1225 5109 1383 5166; x_wconf 71' lang='lat' dir='ltr'><strong>saeculorum</strong></span> <span class='ocrx_word' id='word_1_861' title='bbox 1409 5107 1493 5178; x_wconf 86' lang='lat' dir='ltr'><strong>possit</strong></span> <span class='ocrx_word' id='word_1_862' title='bbox 1520 5107 1648 5178; x_wconf 86' lang='lat' dir='ltr'><strong>intelligi,</strong></span> <span class='ocrx_word' id='word_1_863' title='bbox 1674 5105 1881 5176; x_wconf 80' lang='lat' dir='ltr'><strong>profundissima</strong></span> 
     </span>
    </p>
   </div>
   <div class='ocr_carea' id='block_1_15' title="bbox 1090 5276 1881 5780">
    <p class='ocr_par' dir='ltr' id='par_1_15' title="bbox 1091 5276 1881 5527">
     <span class='ocr_line' id='line_1_113' title="bbox 1123 5276 1881 5346; baseline -0.015 -10"><span class='ocrx_word' id='word_1_864' title='bbox 1123 5288 1133 5319; x_wconf 86' lang='lat'>¹</span> <span class='ocrx_word' id='word_1_865' title='bbox 1149 5284 1208 5335; x_wconf 81' lang='lat' dir='ltr'><strong>tditl</strong></span> <span class='ocrx_word' id='word_1_866' title='bbox 1220 5296 1229 5336; x_wconf 78' lang='lat' dir='ltr'><strong>a</strong></span> <span class='ocrx_word' id='word_1_867' title='bbox 1241 5281 1384 5346; x_wconf 74' lang='lat' dir='ltr'><strong>ommolen</strong></span> <span class='ocrx_word' id='word_1_868' title='bbox 1399 5276 1675 5330; x_wconf 64' lang='lat' dir='ltr'><strong>murmuraberunt</strong></span> <span class='ocrx_word' id='word_1_869' title='bbox 1691 5281 1756 5336; x_wconf 69' lang='lat' dir='ltr'><strong>aas,</strong></span> <span class='ocrx_word' id='word_1_870' title='bbox 1767 5284 1881 5340; x_wconf 74' lang='grc' dir='ltr'><strong>οειρω-</strong></span> 
     </span>
     <span class='ocr_line' id='line_1_114' title="bbox 1091 5336 1880 5411; baseline -0.011 -14"><span class='ocrx_word' id='word_1_871' title='bbox 1091 5347 1138 5411; x_wconf 67' lang='lat' dir='ltr'><strong>fert</strong></span> <span class='ocrx_word' id='word_1_872' title='bbox 1156 5356 1279 5397; x_wconf 80' lang='lat' dir='ltr'><strong>nmttcrose</strong></span> <span class='ocrx_word' id='word_1_873' title='bbox 1295 5339 1419 5394; x_wconf 79' lang='lat' dir='ltr'><strong>toecultam</strong></span> <span class='ocrx_word' id='word_1_874' title='bbox 1430 5347 1504 5390; x_wconf 84' lang='lat' dir='ltr'><strong>lootts</strong></span> <span class='ocrx_word' id='word_1_875' title='bbox 1514 5346 1553 5389; x_wconf 85' lang='lat' dir='ltr'><strong>est</strong></span> <span class='ocrx_word' id='word_1_876' title='bbox 1569 5339 1636 5389; x_wconf 81' lang='lat' dir='ltr'><strong>lsaiae</strong></span> <span class='ocrx_word' id='word_1_877' title='bbox 1645 5351 1685 5396; x_wconf 81' lang='lat' dir='ltr'><strong>xo,</strong></span> <span class='ocrx_word' id='word_1_878' title='bbox 1695 5336 1735 5397; x_wconf 79' lang='lat' dir='ltr'><strong>aa,</strong></span> <span class='ocrx_word' id='word_1_879' title='bbox 1746 5339 1880 5390; x_wconf 68' lang='lat' dir='ltr'><strong>sentimum</strong></span> 
     </span>
     <span class='ocr_line' id='line_1_115' title="bbox 1091 5397 1727 5527; baseline -0.017 -8"><span class='ocrx_word' id='word_1_880' title='bbox 1091 5401 1635 5527; x_wconf 54' lang='lat' dir='ltr'><strong>“aelamitalmamaffl</strong></span> <span class='ocrx_word' id='word_1_881' title='bbox 1645 5397 1727 5450; x_wconf 56' lang='lat'><strong>“⁸⁰⁶⁴</strong></span> 
     </span>
    </p>

    <p class='ocr_par' dir='ltr' id='par_1_16' title="bbox 1090 5519 1880 5780">
     <span class='ocr_line' id='line_1_116' title="bbox 1123 5519 1880 5588; baseline -0.012 -8"><span class='ocrx_word' id='word_1_882' title='bbox 1123 5532 1204 5580; x_wconf 72' lang='lat' dir='ltr'><strong>&#39;tom</strong></span> <span class='ocrx_word' id='word_1_883' title='bbox 1216 5525 1283 5587; x_wconf 82' lang='lat' dir='ltr'><strong>oood</strong></span> <span class='ocrx_word' id='word_1_884' title='bbox 1303 5533 1329 5576; x_wconf 87' lang='lat' dir='ltr'><strong>at</strong></span> <span class='ocrx_word' id='word_1_885' title='bbox 1347 5532 1381 5577; x_wconf 84' lang='lat' dir='ltr'><strong>tta</strong></span> <span class='ocrx_word' id='word_1_886' title='bbox 1399 5523 1480 5588; x_wconf 77' lang='lat' dir='ltr'><strong>[urim.</strong></span> <span class='ocrx_word' id='word_1_887' title='bbox 1493 5524 1551 5573; x_wconf 75' lang='lat' dir='ltr'><strong>miti</strong></span> <span class='ocrx_word' id='word_1_888' title='bbox 1570 5535 1630 5573; x_wconf 80' lang='lat' dir='ltr'><strong>sero</strong></span> <span class='ocrx_word' id='word_1_889' title='bbox 1645 5521 1686 5571; x_wconf 85' lang='lat' dir='ltr'><strong>alil</strong></span> <span class='ocrx_word' id='word_1_890' title='bbox 1701 5528 1728 5571; x_wconf 90' lang='grc' dir='ltr'><strong>ει</strong></span> <span class='ocrx_word' id='word_1_891' title='bbox 1740 5519 1880 5584; x_wconf 76' lang='lat' dir='ltr'><strong>lissaoeod</strong></span> 
     </span>
     <span class='ocr_line' id='line_1_117' title="bbox 1090 5584 1880 5664; baseline -0.013 -19"><span class='ocrx_word' id='word_1_892' title='bbox 1090 5599 1172 5664; x_wconf 72' lang='lat' dir='ltr'><strong>noum</strong></span> <span class='ocrx_word' id='word_1_893' title='bbox 1181 5592 1215 5641; x_wconf 86' lang='lat' dir='ltr'><strong>ito</strong></span> <span class='ocrx_word' id='word_1_894' title='bbox 1222 5589 1305 5653; x_wconf 71' lang='lat' dir='ltr'><strong>sudat,</strong></span> <span class='ocrx_word' id='word_1_895' title='bbox 1316 5587 1408 5638; x_wconf 84' lang='lat' dir='ltr'><strong>scilicet</strong></span> <span class='ocrx_word' id='word_1_896' title='bbox 1415 5584 1614 5649; x_wconf 85' lang='lat' dir='ltr'><strong>quemadmodum</strong></span> <span class='ocrx_word' id='word_1_897' title='bbox 1622 5585 1646 5633; x_wconf 91' lang='lat' dir='ltr'><strong>lu</strong></span> <span class='ocrx_word' id='word_1_898' title='bbox 1653 5584 1788 5646; x_wconf 87' lang='lat' dir='ltr'><strong>superioris</strong></span> <span class='ocrx_word' id='word_1_899' title='bbox 1797 5584 1880 5649; x_wconf 74' lang='lat' dir='ltr'><strong>capim</strong></span> 
     </span>
     <span class='ocr_line' id='line_1_118' title="bbox 1090 5655 1788 5780; baseline -0.011 -14"><span class='ocrx_word' id='word_1_900' title='bbox 1090 5655 1339 5780; x_wconf 59' lang='lat' dir='ltr'><strong>“iiiiiiliti‘ta</strong></span> <span class='ocrx_word' id='word_1_901' title='bbox 1351 5708 1378 5762; x_wconf 84' lang='lat' dir='ltr'><strong>n</strong></span> <span class='ocrx_word' id='word_1_902' title='bbox 1388 5707 1461 5774; x_wconf 66' lang='lat' dir='ltr'><strong>orte</strong></span> <span class='ocrx_word' id='word_1_903' title='bbox 1478 5705 1509 5758; x_wconf 72' lang='lat' dir='ltr'><strong>au</strong></span> <span class='ocrx_word' id='word_1_904' title='bbox 1518 5703 1619 5770; x_wconf 64' lang='lat' dir='ltr'><strong>aeaut</strong></span> <span class='ocrx_word' id='word_1_905' title='bbox 1629 5717 1683 5770; x_wconf 70' lang='lat' dir='ltr'><strong>ap.</strong></span> <span class='ocrx_word' id='word_1_906' title='bbox 1693 5705 1716 5769; x_wconf 88' lang='lat' dir='ltr'><strong>r,</strong></span> <span class='ocrx_word' id='word_1_907' title='bbox 1725 5703 1788 5769; x_wconf 65' lang='lat' dir='ltr'><strong>aa</strong></span> 
     </span>
    </p>
   </div>
   <div class='ocr_carea' id='block_1_16' title="bbox 0 0 1956 6388">
    <p class='ocr_par' dir='ltr' id='par_1_17' title="bbox 0 0 1956 6388">
     <span class='ocr_line' id='line_1_119' title="bbox 0 0 1956 6388; baseline 0 0"><span class='ocrx_word' id='word_1_908' title='bbox 0 0 1956 6388; x_wconf 95' lang='lat' dir='ltr'><strong> </strong></span> 
     </span>
    </p>
   </div>
  </div>
 </body>
</html>
