3900 6390
173 359 241 414 *tes

171 489 236 542 tque
248 486 390 529 commune
403 478 459 525 est:
475 465 595 538 quamuis
613 464 659 522 llei
671 463 764 519 civitas
783 461 879 517 babeat
890 460 970 514 etlam

175 554 230 619 luto
248 562 331 619 multa
351 561 448 617 ciuium
469 558 563 624 millia,
576 572 636 629 quae
650 556 684 612 ab
696 569 777 624 opere
789 550 931 626 generandi
943 563 974 604 se

175 654 336 718 lahstioent;
347 652 394 708 sed
405 651 485 707 babet
497 650 577 706 etiam
588 648 632 703 illa
643 662 675 702 ea
689 645 835 700 imitatione
849 640 972 714 quadarn,

187 747 249 803 licet
260 744 405 801 errantium
415 746 434 794 ¹.
451 739 492 796 Ad
513 754 572 795 eam
594 751 708 807 namque
729 734 863 805 pertinent
882 730 973 795 etiam,

167 811 178 880 i
185 837 230 908 qui
244 835 381 892 deviantes
395 832 429 887 ab
442 831 522 901 hujus
543 828 596 885 lide
617 828 739 883 diversas
752 825 868 879 hereses
881 818 974 876 eondi-

185 929 300 985 deroot:
314 923 459 982 seeundum
483 922 617 977 hominem
632 919 729 988 quippe
743 916 845 980 vivunt,
865 927 919 967 non
933 925 978 964 se·

187 1017 303 1074 cundum
318 1017 412 1071 lleum.
426 1015 459 1069 Et
469 1013 593 1068 lndorum
604 1006 846 1083 Gymnosophistae‚
857 1003 902 1074 qui
914 1000 977 1057 nudi

188 1107 363 1181 perhibentur
379 1103 560 1176 philosophari
577 1103 603 1157 in
625 1098 812 1156 solitudinibus
826 1095 917 1163 lndlae,
940 1093 978 1149 cl·

189 1213 237 1256 res
248 1199 307 1270 ejus
328 1206 400 1263 suut,
415 1205 443 1250 ct
455 1210 470 1250 a
482 1191 634 1266 generando
653 1204 683 1246 se
704 1187 829 1244 cohibent
849 1184 898 1256 (α).
920 1182 978 1238 Νοη

190 1291 262 1348 enim
275 1298 316 1345 est
330 1288 382 1343 hoc
401 1287 512 1352 bonum,
535 1284 585 1339 nisi
607 1298 667 1337 cum
690 1280 718 1334 ht
739 1272 884 1335 secundum
901 1273 979 1329 idem

191 1382 288 1439 summi
302 1380 375 1444 boni,
390 1379 435 1450 qui
457 1387 499 1432 est
522 1376 602 1430 [leus.
618 1373 673 1429 lloc
688 1381 775 1427 tamen
793 1381 872 1424 nemo
887 1365 982 1421 iecisse

192 1483 255 1529 ante
274 1471 403 1527 diluvium
423 1467 570 1538 reperitur:
583 1463 796 1536 quandoquidem
819 1460 900 1515 etiam
925 1458 982 1527 ipse

193 1565 286 1621 Enoch
306 1566 433 1633 septimus
454 1560 488 1616 ab
512 1559 607 1624 Adam,
631 1557 676 1626 qui
699 1556 844 1610 translatus
869 1550 984 1607 refertur

194 1672 266 1721 esse,
282 1672 335 1711 non
350 1664 480 1718 mortuus,
501 1653 590 1723 genuit
613 1651 680 1705 filios
704 1659 731 1704 et
754 1647 821 1701 lilius
842 1654 983 1714 antequam

195 1750 397 1813 transferretur;
419 1747 445 1801 in
468 1746 563 1816 quibus
577 1744 625 1799 luit
639 1741 822 1803 llatlrusalem,
839 1754 886 1809 per
905 1752 984 1808 quem

196 1840 396 1911 generationum
409 1835 638 1891 memorandarum
650 1831 717 1887 erdo
731 1830 896 1886 transcurrit.

209 1931 259 1986 ,ἰ
278 1930 407 2000 Curergo
421 1937 492 1983 tanta
511 1928 631 1998 paucitas
652 1924 850 1980 successionum
866 1936 986 1976 comme-

198 2030 319 2077 momtur
332 2023 358 2075 in
371 2019 585 2090 generationibus
599 2032 632 2072 ex
645 2015 719 2082 Cain,
736 2014 760 2069 si
781 2029 827 2069 eas
848 2027 931 2083 usqne
953 2010 986 2065 ad

199 2113 328 2169 diluvium
344 2110 452 2182 perduci
465 2110 614 2180 oportebat,
637 2122 687 2162 nec
709 2114 766 2161 crat
787 2104 911 2159 diuturna
922 2110 987 2156 actas

199 2205 366 2278 praeveniens
380 2205 556 2274 pubertatem,
570 2217 629 2271 qum
641 2208 747 2255 centum
758 2199 799 2253 uel
812 2197 926 2264 amplius
938 2209 987 2247 an·

200 2311 250 2354 raus
263 2304 397 2351 raearcta
412 2294 527 2350 letibus?
542 2292 608 2348 Nam
622 2292 644 2346 si
659 2307 711 2345 non
731 2289 884 2343 intendebat
898 2295 989 2340 auctor

200 2386 262 2443 libri
276 2385 355 2457 hujus
368 2386 493 2454 aliquem,
520 2384 553 2439 ad
573 2398 652 2453 quern
669 2380 819 2437 necessario
833 2377 991 2448 perduceret

201 2479 298 2534 seriem
319 2477 529 2546 generationum,
553 2476 622 2529 sieut
646 2475 670 2527 io
693 2473 744 2526 illis
763 2486 822 2541 quae
836 2467 991 2524 retriootde

203 2572 305 2627 semine
317 2570 381 2626 Seth
397 2569 551 2623 intendebat
565 2567 702 2636 pertenire
714 2565 747 2619 ad
759 2563 825 2625 Noe,
839 2578 918 2632 aquo
934 2577 992 2615 rnr-

203 2677 250 2717 sus
260 2662 326 2717 ordo
338 2660 503 2715 necessarius
518 2666 688 2729 sequeretur:
703 2656 765 2726 quid
780 2670 846 2724 epos
859 2664 916 2710 erat
929 2669 992 2723 prm

204 2757 352 2811 terrnitterc
369 2755 557 2824 primogenitos
571 2752 650 2816 lilios,
667 2760 696 2805 ut
708 2747 934 2819 pervenireturad
947 2746 995 2802 La·

206 2847 294 2913 arech,
307 2848 333 2901 in
346 2846 422 2916 eujus
435 2846 496 2900 liliis
507 2844 596 2898 hnitor
607 2844 648 2897 illa
660 2842 804 2904 contextio,
816 2849 908 2895 octava
918 2854 995 2910 gene·

205 2939 309 2993 ratione
320 2937 421 2992 scilicet
432 2953 465 2991 ex
479 2935 571 2998 ddum,
587 2934 698 3003 septima
707 2948 738 2986 cx
751 2931 825 2993 Cain,
839 2931 914 3001 quasi
924 2939 996 2985 esset

207 3028 269 3085 iude
282 3026 380 3097 aliquid
392 3026 515 3093 deinceps
524 3023 746 3087 connectendum,
761 3021 831 3075 node
843 3019 998 3089 pervenire-

208 3131 251 3176 tur
260 3119 302 3175 uel
312 3119 346 3174 ad
358 3116 528 3172 israeliticum
538 3115 674 3187 populum,
686 3114 712 3167 in
723 3128 776 3182 quo
784 3112 886 3167 coelesti
895 3109 996 3166 civitati

208 3211 288 3266 etiam
305 3221 410 3265 terrena
425 3207 572 3263 Jerusalem
598 3206 708 3275 ligoram
732 3203 912 3273 propheticam
927 3216 997 3271 prac-

208 3301 274 3367 buit,
287 3301 329 3356 tel
338 3299 372 3355 ad
382 3298 516 3354 Christum
527 3295 673 3352 secundum
683 3309 800 3358 carnem,
812 3293 907 3364 quiest
918 3306 998 3361 super

209 3396 298 3452 emnia
313 3394 383 3450 Deus
397 3390 551 3447 benedictus
573 3389 598 3443 in
622 3388 717 3443 saecula
733 3386 820 3458 (Rom.
834 3401 871 3451 rr,
888 3383 927 3456 5),
950 3398 998 3439 su·

209 3501 299 3558 pernae
312 3483 458 3541 Jerusalem
473 3480 616 3536 labricator
628 3491 708 3548 atque
723 3485 861 3548 regnator;
876 3491 935 3531 cum
945 3484 999 3530 tota

209 3579 353 3649 progenies
367 3574 432 3631 Cain
442 3573 542 3629 diluvio
554 3573 589 3626 sit
601 3570 706 3627 deleta?
719 3568 795 3626 Unde
804 3568 888 3625 rideri
901 3577 998 3639 potest,

210 3669 238 3723 in
251 3666 345 3721 eodem
367 3664 462 3719 ordine
481 3662 681 3734 generationum
705 3660 894 3730 primogenitos
918 3657 1001 3715 luisse

211 3765 445 3814 courmemoratos.
467 3753 522 3807 Cur
533 3767 595 3821 ergo
609 3759 661 3804 tam
676 3751 751 3820 pauci
764 3750 844 3804 suntl
858 3747 915 3803 Non
929 3749 1000 3804 enim

212 3847 340 3920 usquead
355 3846 481 3902 diluvium
495 3853 534 3900 tot
549 3858 608 3900 esse
622 3853 773 3913 potuerunt,
786 3857 838 3896 non
849 3842 1002 3897 vacantibus

212 3956 297 4008 usquc
311 3940 344 3995 ad
358 3939 537 3995 centenariam
551 3936 716 4006 pubertatem
732 3932 850 4004 patribus
866 3932 900 3988 ab
914 3932 1002 3988 olllcio

212 4030 369 4102 generandi,
385 4030 406 4083 sl
421 4045 473 4083 non
494 4037 552 4082 erat
566 4037 628 4081 tooc
640 4024 811 4096 proportione
825 4024 1002 4094 longaevitatis

212 4122 283 4178 illius
296 4122 374 4175 etiarm
391 4134 450 4175 sera
465 4119 601 4188 pubertas
623 4117 656 4173 llt
675 4115 746 4171 enim
763 4129 884 4184 pemque
897 4113 1003 4184 triginta

213 4226 343 4267 antrorum
355 4209 460 4274 suerint,
470 4224 530 4263 eom
544 4207 612 4261 lilios
623 4221 751 4278 generare
761 4213 910 4275 coepcruut,
919 4203 1004 4258 octies

215 4302 308 4358 triceni
325 4300 460 4370 (quoniam
475 4307 536 4352 octo
560 4305 622 4350 surrt
643 4294 829 4366 generationes
840 4308 901 4348 cum
919 4291 1003 4346 Adam

214 4402 242 4449 et
253 4407 312 4448 curn
327 4392 367 4445 eis
381 4403 447 4461 quos
459 4388 550 4459 gennit
563 4385 702 4456 Lamech),
718 4384 825 4440 ducenti
845 4393 872 4439 ct
888 4380 1003 4452 quadra·

214 4485 286 4556 ginta
301 4489 365 4537 sum
377 4479 439 4534 anni
451 4495 458 4530 t
471 4494 533 4532 rrtrnr
549 4477 637 4545 itaque
651 4485 707 4530 toto
722 4474 816 4528 deinde
831 4482 951 4542 tempure
961 4488 1005 4527 os·

214 4565 724 4648 queaddiluviumnongeneraveruoti
734 4563 906 4632 eratandem
914 4575 1006 4632 causa,

215 4667 261 4742 qui
285 4667 342 4722 baec
365 4663 480 4734 scripsit,
500 4660 686 4732 generationes
699 4669 910 4712 commemorare
923 4652 1007 4709 noluit

216 4767 277 4831 quae
291 4751 535 4826 sequunturlllam
556 4765 589 4806 ex
610 4746 695 4803 Adam
722 4743 857 4816 usquead
878 4743 1005 4799 diluvium

216 4855 405 4920 computantur
425 4843 498 4909 anni,
521 4839 667 4898 secundum
688 4836 794 4894 cedices
814 4845 930 4902 nostros,
952 4833 1007 4890 doe

218 4941 300 5000 millia
324 4937 432 4994 ducenti
455 4934 590 5005 sexaginta
609 4931 681 4987 duo¹
696 4948 703 4984 :
718 4926 863 4985 secundum
886 4925 1007 4982 hebraeos

222 5040 317 5096 utem,
327 5029 400 5084 mille
412 5025 531 5083 sexcenti
544 5021 732 5095 quinquaginta
741 5036 797 5076 sex.
809 5019 842 5075 Ut
850 5034 914 5089 ergo
927 5018 1007 5073 istum

218 5137 358 5181 numeram
372 5122 500 5175 minorem
516 5117 656 5173 credamus
670 5130 729 5170 esse
741 5114 883 5177 seriorem,
894 5110 1008 5167 demille
1059 5105 1084 5170 8¹

217 5214 352 5272 sescentis
365 5210 554 5282 quinquaginta
565 5223 614 5264 sex
627 5207 704 5262 aunis
713 5204 821 5260 ducenti
834 5202 1007 5275 quadmginta

203 5393 205 5398 ·
250 5365 259 5398 ¹
275 5369 311 5415 tta
322 5369 374 5412 ttss.
386 5361 444 5411 editi
456 5368 545 5415 autem.
558 5360 601 5410 sed
612 5356 681 5409 lmhet
692 5355 764 5428 etima
781 5353 824 5406 itta
833 5354 897 5406 cirea
907 5353 1009 5407 amand-

219 5426 254 5482 ba
265 5426 317 5476 istis
328 5420 418 5474 siorilea
425 5435 457 5471 ea
466 5420 595 5471 imitatione
606 5419 711 5484 quodam
719 5418 902 5490 ltcetuerrmrtes.

250 5492 260 5521 ¹
279 5487 371 5549 aliquot
389 5491 452 5542 tiss,
466 5482 515 5532 duo
531 5481 608 5531 ntitlie
629 5480 725 5531 ducettt'
846 5533 851 5543 ,
915 5485 1011 5528 ωο-

204 5550 282 5608 mus,
295 5551 460 5609 iheronymus,
475 5544 538 5594 beda
548 5543 640 5606 aliique
658 5542 791 5592 sectandum
807 5541 962 5603 septuaginta
971 5546 1010 5590 lu-

220 5619 357 5673 terprctum
372 5607 467 5656 laodices
483 5612 622 5669 computant
632 5602 680 5653 duo
695 5602 770 5652 mhlia
783 5601 902 5673 ducentos
911 5599 1012 5715 guadre-

219 5673 285 5733 ginta
308 5678 334 5719 et
354 5669 415 5719 daos
433 5679 517 5717 annos.
529 5665 650 5716 -coder
667 5663 739 5726 ebed,
760 5661 897 5716 tuamen
931 5665 1012 5717 merit

219 5745 294 5791 uxu·
327 5739 355 5780 M·

251 5792 288 5858 (a)
300 5789 364 5843 coar.
377 5801 459 5855 supra,
467 5788 510 5840 lib.
521 5762 559 5851 tt,
570 5799 624 5852 cap.
638 5786 676 5851 tl,
687 5785 713 5837 lu
722 5784 764 5837 lm.

722 345 946 407 enervitate
965 343 1030 410 hel,
1050 344 1080 403 S.
1100 344 1281 404 teeusttrtt

1756 350 1810 409 llll

1025 457 1352 533 detrahanturznumquid
1363 463 1488 519 credibile
1497 471 1538 519 est
1549 479 1597 534 por
1606 466 1812 538 millequadrln·

1025 559 1129 619 gentos,
1144 562 1171 607 et
1180 553 1251 622 quod
1263 554 1389 621 excurrit,
1402 569 1497 620 arrnos,
1511 557 1556 627 qui
1571 566 1671 613 restant
1684 559 1813 630 usquead

1026 641 1164 709 diluuium,
1186 645 1337 715 progeniem
1358 645 1421 702 Cain
1445 662 1460 700 a
1481 649 1697 717 generationibus
1719 665 1814 708 vacare

1026 735 1163 804 potuisse?

1062 828 1089 883 5.
1102 826 1154 884 Sed
1168 830 1211 900 qui
1224 844 1257 886 ex
1271 832 1323 887 hoc
1334 841 1465 901 movetur,
1489 835 1650 903 meminerit,
1666 851 1728 892 cum
1743 853 1817 908 quae-

1028 934 1116 976 rerem
1129 923 1263 992 quomodo
1273 923 1434 979 credendum
1446 926 1491 988 sit,
1507 926 1630 996 antiquos
1653 928 1713 983 illos
1728 929 1818 984 homi·

1029 1026 1138 1084 uesper
1151 1016 1311 1071 tammultos
1329 1031 1414 1071 annos
1435 1032 1451 1072 a
1469 1019 1607 1089 gignendis
1627 1019 1687 1076 illlis
1712 1036 1819 1078 cessare

1031 1104 1270 1173 putuisse,duobus
1286 1107 1372 1162 modis
1390 1108 1467 1163 istam
1487 1110 1600 1165 solutam
1618 1125 1678 1167 esse
1692 1113 1819 1183 quaestio-

1031 1209 1112 1261 nem;
1128 1204 1172 1251 aut
1180 1195 1214 1251 de
1235 1210 1295 1252 sera
1316 1197 1473 1267 pubertate,
1487 1202 1657 1271 proportione
1670 1197 1724 1256 tam'
1734 1201 1820 1273 longae

1032 1287 1093 1342 rite
1105 1302 1113 1354 ;
1126 1298 1169 1342 aut
1180 1288 1214 1343 de
1225 1288 1286 1344 iliis
1299 1289 1344 1360 qui
1355 1295 1631 1348 commemorantorin
1644 1295 1821 1365 generationi·

1033 1377 1092 1443 bus,
1103 1378 1173 1449 quod
1190 1394 1242 1435 non
1255 1380 1352 1437 luerint
1371 1381 1538 1453 primogeniti
1550 1402 1557 1450 ;
1568 1385 1615 1440 sed
1640 1384 1667 1440 hi
1694 1401 1742 1457 per
1754 1401 1822 1458 quos

1034 1468 1067 1524 ad
1078 1483 1149 1536 eum,
1162 1485 1239 1540 quem
1248 1473 1401 1529 intendebat
1426 1484 1518 1529 auctor
1532 1476 1602 1541 libri,
1629 1487 1733 1548 poterat
1759 1494 1821 1549 per-

1035 1560 1136 1628 venire,
1149 1561 1218 1616 sieut
1230 1562 1263 1617 ad
1273 1562 1329 1618 Noe
1339 1564 1366 1618 in
1389 1567 1603 1635 generationibus
1617 1568 1692 1623 Seth.
1708 1570 1824 1626 Proinde

1036 1649 1062 1703 in
1088 1651 1300 1721 generationibus
1313 1652 1390 1722 (lain,
1409 1655 1432 1709 si
1453 1671 1506 1712 non
1521 1659 1636 1713 occurrit
1654 1661 1698 1730 qui
1713 1659 1825 1716 deberet

1037 1741 1146 1807 intendi,
1162 1743 1195 1798 ad
1215 1759 1293 1814 quem
1306 1748 1490 1814 praetermissis
1510 1749 1702 1821 primogenitis,
1717 1768 1766 1822 per
1777 1768 1824 1809 eos

1036 1834 1080 1900 qoi
1095 1837 1293 1891 commemorati
1305 1845 1376 1901 sunt,
1392 1840 1525 1908 perveniri
1537 1842 1685 1910 oportebat,
1700 1858 1760 1899 scra
1774 1859 1825 1914 pu·

1037 1929 1126 1983 bertas
1136 1929 1306 2001 intelligenda
1319 1932 1448 1998 restabit;
1464 1943 1492 1987 ut
1501 1935 1635 2004 aliquanto
1650 1944 1825 2005 prsteentum

1038 2037 1132 2087 annos,
1147 2023 1260 2092 puberes
1272 2024 1425 2095 habilesque
1450 2026 1483 2081 ad
1497 2026 1658 2096 gignendum
1685 2026 1749 2084 lacti
1769 2027 1827 2084 iuc-

1040 2115 1101 2179 rint,
1113 2116 1214 2170 utordo
1223 2117 1421 2184 generationum
1436 2132 1483 2187 per
1494 2120 1683 2189 primogenitos
1695 2129 1825 2185 curreret,

1040 2214 1162 2275 etusque
1175 2205 1208 2260 ad
1230 2206 1357 2262 diluvium
1380 2208 1413 2262 ad
1429 2224 1569 2264 nurnerum
1594 2225 1724 2266 armorum
1746 2219 1828 2267 tantm

1041 2295 1198 2364 quantitatis
1210 2304 1373 2351 occurreret.
1397 2297 1526 2363 Quamvis
1538 2297 1597 2354 deri
1611 2299 1705 2370 possit,
1719 2309 1748 2355 ot
1762 2315 1828 2372 pro-

1042 2393 1101 2454 pter
1126 2386 1239 2455 aliquam
1259 2387 1428 2443 secretiorem
1456 2403 1575 2458 causum,
1599 2405 1660 2460 quse
1684 2406 1729 2447 me
1752 2391 1828 2459 latet,

1043 2492 1126 2547 usque
1136 2477 1168 2532 ad
1178 2477 1293 2532 Lamech
1307 2489 1334 2533 et
1347 2478 1406 2548 eius
1428 2479 1496 2536 illies
1520 2482 1722 2551 generationum
1737 2496 1830 2552 perre-

1044 2569 1134 2624 niente
1147 2579 1282 2633 contestu,
1307 2570 1540 2626 commendaretur
1552 2571 1610 2626 hec
1632 2573 1735 2638 civitas,
1748 2588 1829 2644 quam

1044 2659 1157 2715 dicimus
1166 2675 1225 2715 esse
1239 2671 1370 2717 terrenam
1385 2678 1436 2727 ;ae
1462 2663 1558 2719 deinde
1578 2673 1696 2721 cessaret
1716 2666 1832 2736 scriptor

1046 2750 1105 2804 libri
1115 2765 1325 2807 commemorare
1338 2762 1460 2820 caeteras,
1471 2769 1531 2824 qum
1552 2769 1636 2824 usque
1656 2754 1689 2810 ad
1704 2755 1832 2811 diluvium

1046 2857 1106 2899 esse
1120 2853 1262 2915 potuerunt
1275 2841 1324 2916 (a).
1339 2844 1430 2900 Potest
1444 2855 1470 2900 et
1484 2845 1599 2901 illaesae
1611 2861 1701 2911 causa,
1716 2862 1763 2902 cur
1778 2862 1832 2902 non

1047 2933 1325 3004 erdogencrationnm
1350 2950 1397 3004 per
1421 2934 1613 3005 primogenitos
1626 2935 1780 3002 duceretur,
1805 2944 1835 2992 ut

1048 3039 1158 3080 necesse
1169 3039 1222 3079 non
1231 3025 1300 3079 sitin
1314 3025 1365 3079 illis
1385 3025 1536 3081 hominibus
1551 3034 1604 3080 tam
1620 3040 1706 3082 seram
1722 3028 1836 3083 credero

1050 3116 1227 3185 pubertatem,
1237 3115 1308 3186 qued
1322 3116 1425 3171 scilicet
1444 3116 1537 3172 eadem
1551 3117 1655 3185 civitas,
1678 3133 1757 3188 quam
1770 3119 1836 3174 Cain

1049 3210 1075 3265 in
1089 3210 1196 3265 nomine
1210 3209 1301 3264 Enoch
1322 3211 1368 3266 hlii
1380 3211 1421 3266 sui
1435 3210 1563 3278 condidit,
1583 3210 1661 3282 longe
1674 3211 1779 3283 lateque
1793 3229 1837 3268 re·

1049 3313 1131 3370 gnare
1143 3300 1268 3370 potuerit,
1284 3308 1311 3355 et
1323 3315 1400 3368 reges
1413 3299 1511 3357 habere
1521 3317 1574 3356 non
1588 3302 1667 3358 simol
1679 3304 1779 3373 plures,
1789 3304 1838 3359 scd

1049 3392 1106 3448 suis
1117 3392 1239 3447 aetatibus
1249 3391 1377 3463 singulos,
1398 3407 1464 3463 quos
1474 3393 1627 3463 genuissent
1640 3394 1691 3450 sibi
1705 3396 1713 3426 ¹
1727 3410 1838 3450 succes-

1050 3497 1128 3539 suros
1140 3484 1300 3554 quicumque
1315 3495 1481 3554 regnassent.
1490 3483 1590 3540 Horum
1617 3499 1709 3555 regum
1736 3487 1839 3555 primus

1051 3589 1111 3632 esse
1126 3575 1210 3646 potuit
1223 3575 1280 3646 ipse
1302 3573 1379 3643 Cain,
1406 3575 1538 3631 secundus
1565 3575 1635 3631 lilios
1659 3575 1719 3645 ejus
1735 3576 1838 3646 Enoch,

1053 3668 1080 3722 in
1094 3672 1170 3737 errius
1185 3666 1345 3722 nomineobi
1357 3676 1522 3737 regnaretur,
1538 3666 1644 3722 condita
1664 3677 1707 3723 cst
1725 3669 1840 3724 ciritase

1054 3757 1145 3813 tertius
1154 3756 1352 3828 Gaidad,qucm
1363 3756 1683 3828 genoitllnochzquartus
1694 3757 1809 3814 llauihel
1817 3760 1840 3824 ¹,

1053 3863 1132 3919 quem
1154 3848 1246 3918 genuit
1263 3846 1364 3903 Gaidad
1380 3863 1387 3899 ι
1401 3847 1509 3917 quintus
1531 3845 1688 3912 Mathusael,
1703 3862 1782 3917 quem
1795 3863 1842 3918 ge-

1054 3935 1841 4009 nultllaoihcl:sextushamecb,quemgenuitllathusael,

1054 4033 1097 4100 qm
1112 4030 1288 4101 septimusest
1300 4029 1334 4083 ab
1344 4029 1427 4085 adam
1447 4046 1495 4100 per
1509 4029 1585 4086 Cain.
1599 4031 1658 4085 Non
1678 4039 1770 4088 autem
1782 4040 1843 4089 erat

1055 4134 1231 4190 consequere,
1247 4131 1275 4174 ut
1286 4111 1454 4190 primogeniti
1466 4136 1558 4192 regum
1571 4120 1583 4153 ⁸
1595 4122 1767 4192 regnantibus
1779 4137 1843 4180 suc·

1055 4212 1315 4283 caderemparribus,
1329 4213 1376 4269 sed
1386 4229 1453 4284 quos
1460 4214 1588 4286 regnandi
1596 4217 1721 4273 meritum
1732 4224 1843 4288 propter

1057 4308 1181 4362 virtutem
1212 4316 1324 4361 terrenae
1347 4308 1438 4364 utilem
1466 4308 1589 4375 ciuitati,
1614 4310 1656 4364 rel
1672 4326 1732 4366 sors
1755 4311 1843 4383 aliqua

1056 4400 1195 4469 reperiret,
1209 4397 1248 4452 rel
1260 4396 1305 4453 ille
1320 4398 1484 4468 potissimum
1499 4399 1653 4457 succederet
1673 4401 1740 4471 patri
1755 4400 1844 4457 here·

1056 4490 1151 4545 ditario
1160 4487 1276 4559 quodam
1286 4487 1346 4558 jure
1358 4489 1495 4558 regnandi,
1509 4505 1589 4560 qoem
1602 4505 1656 4560 prae
1668 4491 1773 4546 ceteris
1783 4492 1845 4548 liliis

1056 4581 1201 4636 dilexisset.
1218 4580 1305 4634 Piatuit
1323 4589 1411 4635 autem
1429 4579 1533 4636 virente
1547 4579 1633 4635 adhuc
1661 4579 1777 4636 Lamech
1804 4591 1846 4636 at·

1057 4689 1108 4744 tque
1119 4683 1246 4744 regitante
1261 4672 1316 4727 heri
1329 4672 1468 4737 diluvium,
1480 4680 1509 4726 ut
1522 4672 1608 4742 ipsum
1619 4688 1679 4728 cum
1689 4671 1846 4728 aliisomni-

1058 4765 1107 4822 bus
1121 4765 1281 4827 hominibus,
1306 4764 1425 4834 exceptis
1442 4763 1486 4835 qui
1508 4762 1535 4817 io
1549 4779 1612 4819 arca
1635 4763 1751 4830 luerunt,
1764 4779 1847 4834 quem

1058 4923 1100 5034 ab:
1116 4919 1169 4971 sola
1181 4919 1254 4970 editio
1264 4925 1330 4979 ter,
1340 4915 1376 4969 ibi
1386 4929 1393 4966 :
1404 4922 1431 4968 et
1440 4913 1512 4979 paulo
1526 4922 1593 4979 post,
1605 4914 1843 4986 deterrereturq

1094 4981 1137 5034 're
1197 4987 1261 5031 etur.

1089 5048 1101 5078 ¹
1116 4994 1212 5108 effic
1221 5042 1371 5153 hiemum
1379 5046 1406 5090 et
1418 5037 1542 5100 nonnulli,
1554 5037 1662 5090 umiaet
1674 5038 1740 5102 apud
1750 5044 1848 5103 septae

1085 5114 1126 5156 nta
1137 5118 1205 5163 nero,
1217 5112 1239 5153 tl
1300 5115 1332 5153 e.

1091 5169 1103 5201 ⁸
1117 5163 1351 5218 siemdioasnostrl.
1363 5159 1786 5228 nemeamqmemrepm.
1805 5169 1834 5211 tt.

1091 5234 1128 5292 (a)
1141 5237 1216 5277 creto
1238 5242 1294 5277 esse
1315 5237 1468 5274 enumeratas
1483 5232 1574 5274 tautum
1591 5226 1766 5287 generationes
1785 5227 1852 5287 rain,

1059 5302 1115 5354 que
1127 5291 1203 5352 puniri
1222 5289 1346 5338 dehebant
1364 5294 1461 5348 prepter
1472 5285 1635 5335 fratricidium.
1651 5286 1688 5336 sie
1703 5286 1769 5334 enirn
1784 5293 1841 5336 ime

1061 5351 1124 5416 phas
1134 5352 1227 5408 anteit,
1249 5359 1325 5412 tnttq.
1337 5348 1390 5396 tud.
1404 5346 1446 5396 lib.
1468 5347 1489 5405 l,
1500 5359 1553 5409 cap.
1565 5347 1589 5403 2,
1601 5348 1635 5409 ll
1649 5362 1656 5396 ι
1670 5365 1682 5393 ι
1696 5347 1752 5396 cain
1762 5348 1855 5398 sacrilo-

1064 5415 1149 5463 tcittm
1159 5412 1295 5462 celebranti
1309 5423 1337 5459 ac
1411 5408 1461 5458 euti
1477 5421 1510 5458 ue
1521 5410 1553 5457 oh
1571 5409 1616 5458 hoc
1626 5410 1685 5458 iram
1704 5410 1855 5470 susciperer,

1064 5476 1214 5524 esaeviorem
1232 5485 1326 5535 poeuanr
1364 5471 1467 5520 omicidti
1491 5468 1625 5530 relaxarem
1648 5467 1856 5533 maledictumque

1065 5549 1145 5585 cesse
1156 5535 1288 5593 ernstituit,
1301 5540 1328 5584 et
1342 5534 1396 5593 ejus
1406 5529 1515 5582 sobolem
1531 5531 1651 5594 usquead
1669 5532 1798 5592 septimam
1813 5547 1857 5594 gr·-

1065 5599 1241 5648 «serationem
1258 5597 1427 5647 httermioatus
1451 5601 1490 5643 est
1509 5606 1566 5643 esse
1586 5592 1740 5654 puniendam.
1755 5608 1773 5664 .’
1796 5600 1857 5641 rora

1063 5661 1137 5711 etiam
1147 5671 1225 5722 usque
1236 5658 1266 5706 ad
1278 5658 1302 5707 id
1310 5665 1408 5714 temeres
1416 5655 1475 5703 sirit
1488 5655 1541 5703 eain
1552 5669 1559 5703 ε
1572 5655 1641 5716 cujus
1651 5653 1724 5702 lluem
1740 5660 1796 5703 vttae
1812 5668 1856 5716 qer

1063 5720 1249 5782 generatlmem
1264 5721 1320 5785 ejus
1335 5716 1435 5770 nolebm
1449 5721 1558 5768 wratm
1572 5714 1774 5780 pretet-thtere.
1799 5721 1858 5769 teu.
