3900 6390
183 276 239 337 tat
720 286 1023 360 oportuniorem,
1044 293 1073 348 s.
1094 293 1276 355 aneosrnn
1774 312 1828 372 ως

186 393 273 459 minc
284 412 360 467 poena
369 407 428 470 post
436 405 572 469 peccatum
581 399 730 457 ordinatum
744 401 791 475 (a).
802 403 905 458 initium
914 419 978 477 erga
1034 416 1075 464 εει
1088 418 1188 465 naturae
1199 410 1286 466 bonae.
1301 411 1353 469 Sed
1366 414 1437 470 Deus
1446 413 1516 472 sicut
1527 425 1680 476 naturarum
1694 422 1827 483 bonarum

186 487 408 562 oiusligmentum
422 498 463 546 cst
477 491 599 546 bomini:
613 507 665 548 non
678 493 749 548 enirn
762 503 804 551 est
818 495 870 551 ulla
884 506 976 552 natura
1032 500 1148 570 optimus
1167 510 1274 559 creator
1285 512 1337 570 εει,
1357 504 1393 560 ito
1408 511 1537 564 malarum
1552 510 1717 569 voluntatum
1730 514 1825 584 insus-

185 580 266 637 etiam
280 582 305 636 in
320 583 446 638 extremis
459 581 610 655 intimisque
625 585 754 653 bestiolis,
772 602 850 658 qnam
863 603 918 653 non
931 583 977 646 ille
1030 591 1114 648 simus
1134 592 1287 663 ordinator;
1308 606 1337 652 ut
1353 612 1413 655 cum
1437 601 1506 658 nrale
1527 602 1580 658 illae
1595 613 1707 664 utuntur
1721 611 1825 667 naturis

182 672 341 747 constituit,
356 690 372 729 a
386 689 439 745 quo
459 685 500 730 est
514 677 601 733 omnis
615 677 728 743 modus,
745 680 832 735 omnis
853 683 974 750 speeies,
1029 683 1117 752 bonis,
1133 687 1190 757 ipse
1201 689 1271 745 bene
1285 697 1374 746 utatur
1387 692 1467 749 etiam
1480 696 1662 754 voluntatibus
1672 699 1762 756 malis.
1774 700 1817 757 lta·

183 766 272 823 omnis
286 766 362 833 ordo,
371 767 532 838 sinequibos
545 768 612 825 nihil
624 785 712 825 rerum
729 769 842 826 inveniri
849 771 890 827 rei
903 773 976 846 cogi-
1030 793 1083 848 que
1098 778 1162 834 iecit
1173 789 1201 835 ot
1214 780 1339 838 diabolus
1352 783 1519 842 institutione
1529 787 1600 844 illius
1616 789 1714 858 bonus,
1728 791 1820 848 nolrrn·

178 857 233 915 tari
257 868 346 930 potest
362 877 368 913 :
385 870 483 930 quanto
507 862 591 932 magis
614 863 732 933 angelica
757 875 899 933 creatura,
915 881 974 936 quae

181 950 272 1006 omnia
294 960 389 1007 caetera
404 968 463 1023 quae
479 953 549 1009 Deus
570 954 706 1021 condidit,
724 962 826 1011 naturae
847 955 974 1027 dignitato

180 1043 328 1113 procedit?

179 1152 295 1211 baeer
315 1154 384 1210 litt.
396 1185 431 1196 -·
446 1154 484 1209 De
498 1156 619 1228 gradibus
639 1167 662 1212 et
675 1155 824 1224 differentiis
843 1168 972 1213 σιειιιιια·

214 1265 283 1311 rnm,
297 1248 365 1320 qaod
379 1249 452 1302 aliter·
467 1250 552 1304 vendit
566 1250 575 1281 ¹
598 1266 658 1303 narn
676 1250 803 1318 utilitatis,
821 1251 895 1307 aliter
908 1255 971 1306 ordo

214 1343 331 1395 rationis.

215 1451 244 1507 ln
258 1450 300 1506 bis
312 1452 381 1507 eninr
397 1467 457 1522 quae
472 1467 578 1523 quoquo
599 1455 679 1510 modo
694 1461 766 1521 sunt,
789 1465 817 1512 et
835 1472 889 1512 non
908 1467 970 1514 sunt

174 1536 251 1615 'quod
261 1543 331 1598 Deris
342 1553 384 1599 est
397 1558 412 1598 a
425 1558 479 1614 quo
497 1543 565 1599 lacta
581 1554 654 1610 sunt,
670 1556 862 1617 praeponuntur
875 1548 968 1605 vinen-

177 1636 214 1691 tia
227 1649 281 1690 non
294 1634 444 1691 viveritibus
455 1652 462 1702 ;
474 1636 544 1691 sicut
555 1651 586 1690 ea
597 1651 657 1706 quae
669 1635 768 1694 babent
780 1639 832 1693 rirn
844 1639 968 1711 gignendi

176 1726 312 1784 ueletiam
331 1725 483 1797 appetendi,
498 1727 541 1782 bis
553 1743 613 1798 qum
626 1729 677 1784 isto
691 1737 765 1785 motu
780 1741 882 1787 carent.
897 1730 931 1788 Et
940 1732 967 1789 in

175 1816 289 1890 bisque
302 1817 404 1886 vivunt,
421 1829 614 1890 proponuntur
626 1821 768 1877 sentientia
780 1838 834 1879 non
850 1825 967 1882 sentien-

175 1911 259 1980 tibus,
274 1913 344 1968 sicut
354 1911 495 1968 arboribus
515 1913 650 1968 animalia.
666 1913 701 1970 Et
715 1914 743 1969 in
765 1916 806 1971 bis
822 1931 882 1988 quae
901 1932 965 1974 sen·

173 2002 254 2070 tlunt,
275 2011 467 2075 praeponuntur
481 2003 654 2075 intelligentia
677 2020 730 2060 non
745 2005 962 2078 intelligentibus,

172 2101 243 2157 sicin
256 2098 380 2155 homines
400 2098 550 2170 pecoribus.
571 2099 605 2154 Et
623 2099 649 2155 in
669 2098 711 2157 lris
725 2115 785 2173 quae
802 2100 962 2174 intelligunt,

172 2201 366 2267 preponuntur
379 2192 538 2247 immortalia
551 2190 719 2260 mortalibus,
734 2191 803 2248 siout
812 2193 905 2264 bogeli
915 2192 965 2250 bo-

171 2284 299 2344 minibus.
311 2283 365 2341 Sed
384 2284 433 2339 isto
453 2292 644 2355 praeponuntur
662 2290 765 2338 naturae
784 2283 901 2338 ordine:
921 2290 964 2341 est

171 2386 260 2432 annm
282 2374 351 2431 alius
365 2383 444 2446 atqne
458 2373 527 2429 alius
542 2389 590 2444 pro
609 2387 658 2429 suo
676 2373 804 2446 cujusque
821 2389 871 2430 usu
891 2376 963 2431 testi-

170 2468 297 2524 mationis
316 2465 422 2532 modus,
438 2465 535 2536 qualit
556 2473 586 2521 ut
605 2463 726 2537 quedam
741 2480 820 2522 sensu
844 2467 961 2522 carentia

170 2558 330 2631 quibusdam
345 2556 520 2614 sentientibus
532 2570 729 2632 praeponamus,
744 2556 772 2612 iu
786 2564 887 2612 tanturn
901 2567 929 2614 ut
937 2558 960 2614 si

169 2660 289 2725 potestas
310 2659 391 2715 esset,
406 2664 438 2706 ea
454 2663 568 2719 ,prorsus
587 2647 624 2706 de
637 2657 731 2704 natnra
745 2664 835 2705 rernm
855 2649 960 2706 auferre

160 2746 309 2812 nouenos,
325 2745 382 2800 sive
395 2759 473 2814 quem
487 2743 516 2797 in
528 2757 559 2798 ea
569 2741 658 2798 locum
670 2741 786 2799 babeant
795 2743 957 2815 ignorantes,

168 2837 226 2894 sire
238 2835 342 2893 etiamsi
361 2835 487 2901 sciamus,
511 2834 611 2890 nostris
628 2848 660 2890 ca
680 2833 828 2890 commodis
847 2843 959 2907 postpo-

167 2935 272 2983 nentes.
287 2926 352 2995 Quis
362 2925 433 2984 enim
446 2940 500 2980 non
510 2924 583 2981 domi
595 2939 650 2981 suae
660 2941 756 2996 panem
769 2925 867 2983 babere
877 2942 957 2997 quam

166 3035 271 3085 nrures,
286 3032 409 3074 nummos
426 3032 506 3090 qnam
521 3018 621 3089 pulices
639 3017 731 3073 maliti
751 3017 803 3075 Sed
821 3019 885 3090 qnid
905 3023 957 3076 ml-

166 3126 238 3178 rum,
249 3125 309 3167 cum
324 3111 442 3183 ipsorum
453 3106 534 3166 etiam
546 3109 685 3165 bominum
697 3111 883 3180 aestimatione,
892 3128 957 3183 quo·

164 3196 226 3261 rum
250 3212 325 3260 certe
347 3211 441 3257 natura
468 3209 549 3257 tantae
570 3210 611 3258 est
632 3202 778 3274 dignitatis,
799 3204 956 3276 plerumque

165 3295 255 3351 carius
266 3302 437 3363 comparetur
448 3306 534 3363 eann
548 3308 627 3364 quam
639 3308 745 3361 servus,
758 3309 862 3365 gemma
876 3309 956 3366 qnam

163 3386 264 3443 lamule
276 3386 288 3440 i
306 3386 343 3441 lta
357 3385 480 3440 libertate
490 3384 626 3456 judicandi
637 3386 781 3457 plurimum
792 3386 876 3442 distat
887 3390 955 3444 ratio

164 3481 360 3539 considerantis
374 3495 390 3536 a
408 3480 572 3535 necessitate
589 3478 743 3550 indigentis,
757 3494 807 3536 seo
820 3480 955 3552 voluptate

165 3572 308 3645 cupientis,
321 3586 382 3628 curn
395 3572 446 3627 ista
456 3570 519 3641 quid
534 3585 583 3640 per
599 3586 629 3627 se
648 3571 736 3641 ipsum
749 3572 776 3626 in
788 3588 879 3628 rerum
891 3589 953 3645 gra·

164 3658 242 3720 dibus
252 3661 360 3734 pendat,
379 3661 524 3717 nenessitas
536 3669 624 3716 autern
637 3659 701 3730 qnid
711 3671 823 3731 propter
835 3662 899 3732 qnid
908 3677 955 3719 ex-

150 3735 248 3829 petat,
263 3753 400 3825 cogitet¹;
421 3760 449 3809 et
470 3751 522 3808 ista
534 3750 598 3822 quid
614 3746 708 3808 verunt
722 3750 774 3808 luci
790 3752 887 3808 mentis
904 3767 953 3824 ap·

152 3828 266 3921 pareat,
279 3846 402 3917 voluptas
416 3858 480 3900 vero
495 3843 558 3915 quid
575 3843 722 3914 jucundum
735 3844 856 3914 corporis
867 3846 954 3901 sensi·

155 3930 215 3997 bus
228 3935 558 4008 blandintur,exquirat¹.
573 3935 626 3991 Sed
638 3943 739 3991 tantum
753 3936 824 3992 salet
836 3937 863 3992 in
876 3947 954 3994 nato-

146 4018 150 4025 ’
162 4032 201 4089 ris
213 4028 385 4086 rationalibus
398 4027 532 4100 quoddam
550 4026 632 4082 veluti
650 4027 754 4097 pondos
770 4028 913 4083 veluntatis
923 4037 953 4084 et

152 4112 273 4186 anons,
289 4128 318 4175 ut
331 4132 391 4174 cum
406 4117 500 4173 ordine
513 4125 616 4172 naturae
629 4117 723 4188 angeli
735 4117 899 4187 bominibus,
910 4128 952 4175 ta·

156 4190 227 4269 'men
240 4210 298 4283 iege
308 4209 418 4282 iustitie
430 4209 493 4266 boni
509 4208 632 4266 homines
647 4209 725 4266 malis
738 4210 840 4282 angelis
857 4210 952 4282 praele-

161 4312 265 4360 rantur.

161 4392 275 4452 meur
293 4391 375 4450 xvii.
389 4422 426 4433 -
449 4390 541 4447 Vitium
559 4392 665 4448 ntalitioe
681 4409 731 4448 non
752 4401 869 4448 natarunt
887 4410 949 4458 esre,

148 4482 158 4505 ‘
197 4486 243 4542 sed
252 4495 340 4540 contra
351 4484 533 4551 notorem-oni
547 4481 581 4537 od
594 4485 747 4553 peccandum
760 4501 812 4539 non
827 4484 951 4541 Conditor

195 4595 273 4636 carran
285 4587 331 4644 est,
343 4576 388 4631 aed
399 4576 525 4631 odontes.

196 4669 309 4740 Propter
321 4677 443 4723 naturate
461 4667 550 4739 igitur,
567 4682 618 4721 non
633 4676 742 4739 propter
754 4668 881 4723 ntulitianr
894 4668 951 4724 dia·

159 4760 226 4830 boli,
239 4761 339 4817 dietum
354 4768 427 4815 recte
440 4758 623 4830 intelligimus,
648 4758 703 4813 lloa
723 4769 759 4815 est
779 4760 879 4818 initiant
899 4765 949 4833 ,iq-

145 4852 236 4908 ·ntertti
247 4849 349 4907 domini
359 4848 418 4925 (iod
430 4866 473 4918 xe,
488 4850 532 4914 li,
541 4866 591 4904 rec.
604 4848 685 4921 Lxx)
699 4866 706 4902 ε
723 4849 783 4921 quia
794 4850 853 4906 sine
869 4850 950 4907 dubio

158 4943 205 5001 obl
230 4953 302 5000 esset
326 4944 418 5000 vitium
444 4942 564 5010 malitia,
584 4951 677 4997 natura
692 4956 744 4997 non
766 4938 858 4998 vitiata
878 4960 949 5016 pne·

158 5032 250 5089 cessit.
277 5032 377 5089 Vitium
403 5042 490 5089 auten
521 5033 556 5087 ita
583 5041 675 5088 contra
700 5041 821 5089 naturam
845 5043 897 5099 est,
921 5045 950 5091 ut

159 5138 213 5180 non
238 5124 322 5193 possit
345 5124 395 5179 nisi
422 5139 521 5180 nocere
544 5133 656 5179 naturae.
683 5124 741 5179 Non
764 5125 853 5197 itaqne
877 5137 948 5184 esset

159 5211 251 5268 ri‘tinm
280 5213 443 5270 recederes
474 5215 551 5280 beo,
581 5216 631 5270 nisi
659 5225 784 5284 naturae,
816 5217 892 5288 cujus
922 5218 948 5274 id

158 5306 251 5361 ritiurn
272 5314 324 5372 est,
344 5306 433 5375 potins
454 5316 618 5376 competeret
639 5322 699 5362 esse
722 5322 782 5362 corn
797 5309 860 5364 Deo.
875 5310 947 5379 ρει-

156 5406 266 5472 propter
291 5397 371 5451 etiam
396 5397 519 5452 voluntas
543 5399 612 5454 mala
636 5399 737 5468 grande
765 5401 947 5458 testimonium

189 5516 198 5548 ¹
213 5519 282 5569 tno..
293 5511 388 5586 pendet.
397 5502 948 5582 nnat,stem.crtt.,p.-tto,resdtuit,penait,

152 5572 469 5699 ‘'fi-'affinior
497 5643 525 5685 n.

188 5701 199 5733 ⁸
214 5699 292 5752 nostri
304 5705 368 5755 ttss..
376 5703 507 5760 eupsetet.
538 5705 566 5749 ιι.
860 5742 866 5750 .

186 5763 223 5827 (a)
235 5760 285 5812 vid.
294 5761 338 5813 lib.
351 5765 378 5811 lt
390 5759 424 5813 de
434 5767 493 5811 den.
505 5759 606 5823 muta,
619 5773 662 5813 nn.
673 5759 714 5825 Β),
725 5760 766 5831 oo,
777 5761 818 5828 bl,
827 5764 872 5819 iffi.

1029 877 1082 927 tate
1097 873 1255 941 anomalus,
1270 875 1296 930 in
1317 875 1488 935 inferioribus
1503 880 1641 939 ordinatus
1664 884 1817 942 illuderetur

1026 961 1061 1018 ab
1081 964 1190 1037 Angelis
1213 965 1282 1037 ejus,
1303 966 1329 1023 id
1351 977 1402 1037 est,
1418 981 1448 1026 ut
1461 973 1565 1042 prosint
1585 977 1748 1033 tentationes
1762 979 1820 1050 ojus

1026 1056 1241 1128 sanetis,quibos
1251 1060 1402 1121 easobesse
1412 1061 1556 1121 desiderat.
1569 1066 1602 1122 Et
1611 1070 1736 1139 quioniam
1750 1071 1820 1129 bens

1025 1159 1085 1201 eum
1098 1163 1159 1202 enm
1174 1150 1313 1219 conderet,
1329 1150 1426 1209 tuturo
1439 1157 1612 1228 malignitatis
1626 1160 1684 1229 ejus
1697 1177 1751 1217 uon
1761 1175 1821 1222 erat

1025 1238 1116 1309 utique
1129 1240 1247 1311 ignarus,
1262 1252 1289 1298 ct
1301 1245 1463 1312 previdebat
1472 1263 1532 1320 quae
1545 1248 1658 1307 bonade
1672 1253 1750 1308 malis
1760 1254 1820 1324 ejus

1023 1338 1096 1384 esset
1117 1314 1174 1400 ipse
1197 1329 1336 1390 facturus:
1352 1345 1495 1405 propterea
1516 1337 1637 1397 Psalruus
1659 1343 1706 1407 ait,
1731 1342 1818 1400 Draco

1023 1419 1074 1485 bie,
1087 1437 1162 1493 qttent
1174 1423 1272 1493 pinanti
1283 1425 1317 1480 od
1328 1427 1488 1484 illudendam
1501 1431 1525 1493 ei
1544 1431 1631 1503 (Psoi.
1644 1450 1699 1503 cttt,
1713 1436 1774 1508 26),
1788 1451 1819 1496 ut

1021 1511 1049 1566 in
1064 1528 1097 1568 eo
1107 1513 1165 1584 ipso
1180 1515 1251 1586 qnod
1265 1533 1326 1573 eum
1342 1519 1430 1588 linxit,
1443 1522 1505 1578 licet
1518 1539 1566 1594 per
1578 1540 1653 1581 suam
1668 1527 1816 1588 bonitatem

1020 1599 1131 1671 botrum,
1150 1603 1204 1675 jam
1225 1621 1274 1677 per
1294 1622 1369 1664 suam
1385 1613 1579 1681 praescientiam
1595 1631 1760 1690 praeparasse
1773 1621 1815 1678 in·

1021 1694 1153 1764 telligatur
1166 1698 1301 1766 quornodo
1315 1699 1364 1771 illo
1377 1710 1495 1759 uteretur
1506 1715 1533 1760 et
1546 1708 1627 1763 malo.

1019 1784 1132 1842 coebo
1151 1784 1245 1844 XVlll.
1256 1820 1291 1832 —
1305 1790 1344 1847 De
1358 1793 1548 1863 peieitritndine
1561 1801 1744 1872 onioeraitott's,
1757 1821 1815 1876 qnae

1055 1878 1296 1947 perordinationem
1311 1882 1360 1939 bet
1374 1887 1450 1941 etiarn
1467 1905 1499 1944 ea
1512 1894 1698 1950 contrariorum
1716 1896 1746 1966 fit
1764 1914 1812 1968 op-

1053 1969 1176 2037 positione
1187 1972 1348 2030 insolentior.

1052 2059 1144 2130 Neque
1155 2063 1226 2119 eninr
1240 2064 1311 2122 Deus
1327 2067 1421 2134 ullam,
1435 2086 1488 2127 non
1502 2071 1564 2130 dieo
1574 2074 1752 2148 Angelorum,
1763 2082 1810 2137 sed

1016 2148 1059 2205 vel
1083 2149 1221 2209 bominum
1240 2148 1358 2224 oneraret,
1380 2176 1458 2230 quern
1481 2164 1581 2220 malurn
1605 2165 1723 2224 futurum
1750 2185 1810 2229 esse

1016 2245 1176 2313 praescisset,
1191 2247 1241 2304 nisi
1254 2251 1353 2320 pariter
1375 2262 1466 2309 nosset
1488 2257 1584 2328 quibas
1607 2274 1654 2317 eos
1675 2262 1808 2321 bonorum

1015 2336 1107 2392 usibus
1128 2342 1320 2413 commodaret,
1345 2355 1426 2418 atqne
1445 2347 1483 2404 ita
1505 2350 1626 2408 ordinem
1649 2355 1807 2413 seautomn

1014 2436 1139 2502 tatrquaun
1162 2433 1368 2504 pulcherrimum
1393 2454 1501 2496 carnmn
1527 2442 1566 2514 (a)
1592 2459 1625 2499 ex
1646 2446 1806 2517 quibusdam

1013 2523 1090 2592 quasi
1101 2525 1237 2583 arrdtbetls
1255 2527 1420 2587 honestaret.
1440 2531 1577 2590 Antithota
1591 2537 1662 2592 enirn
1676 2554 1737 2610 quae
1756 2556 1805 2611 ap-

1012 2617 1155 2690 pellantur,
1166 2621 1192 2676 in
1203 2626 1529 2684 ornamentiselooutionis
1538 2628 1804 2703 suntdecentissima,

1012 2723 1072 2780 qne
1084 2710 1166 2768 latine
1179 2715 1348 2785 appellantur
1360 2719 1482 2789 opposita
1496 2720 1516 2787 ¹,
1538 2721 1579 2777 vel
1601 2722 1671 2793 qnod
1693 2739 1805 2795 expres·

1011 2803 1069 2860 sius
1087 2806 1199 2870 dicitnr,
1220 2811 1410 2881 contraposita.
1427 2811 1486 2867 Non
1505 2824 1547 2869 est
1563 2814 1633 2884 apud
1656 2832 1706 2873 nos
1727 2816 1804 2889 bojas

1011 2897 1134 2954 vocabuli
1147 2901 1323 2970 consuetudo,
1339 2919 1400 2959 cum
1414 2913 1503 2960 tamea
1518 2906 1619 2963 eisdem
1638 2913 1804 2968 armamentis

1010 2986 1153 3046 locutionis
1172 2995 1253 3047 etiam
1275 3007 1365 3050 sermo
1387 2994 1485 3051 latinus
1506 3005 1606 3063 utatur,
1631 2997 1686 3056 imo
1707 3001 1803 3072 linguae

1009 3081 1129 3137 omnium
1148 3083 1278 3154 gentium.
1293 3084 1341 3143 llis
1354 3086 1492 3144 antithetis
1508 3098 1535 3145 et
1552 3089 1651 3148 Paulus
1664 3095 1802 3164 apostolos

1010 3169 1037 3226 in
1052 3172 1167 3231 meotida
1182 3173 1217 3229 ad
1233 3173 1387 3233 Gorirrtbios
1398 3177 1529 3249 Epistola,
1550 3179 1624 3245 illurn
1638 3182 1726 3240 locum
1740 3201 1802 3242 sue·

1008 3261 1077 3327 viter
1090 3263 1214 3334 explicat,
1230 3267 1274 3323 ubi
1284 3267 1365 3324 dicit:
1379 3266 1432 3324 Per
1445 3286 1517 3324 orma
1528 3271 1632 3337 institiae
1643 3291 1659 3328 a
1671 3275 1769 3331 destris
1778 3287 1801 3334 et

1007 3354 1156 3424 canistris,
1171 3373 1216 3427 por
1227 3358 1335 3429 genunt
1349 3369 1373 3416 et
1395 3362 1587 3434 ignobilitatem,
1605 3382 1650 3437 per
1667 3367 1801 3438 insaniant

1007 3453 1032 3499 et
1041 3444 1136 3508 ,tonan
1146 3451 1242 3519 [aanor
1252 3460 1301 3514 ,·-ιιι
1311 3453 1463 3521 amartetes,
1477 3464 1500 3510 et
1511 3471 1610 3511 oneres
1619 3475 1631 3525 ,·
1641 3467 1667 3512 nt
1679 3459 1724 3529 qui
1732 3460 1801 3530 igno

1006 3551 1103 3603 nomm,
1117 3547 1142 3592 et
1155 3540 1348 3610 manutentor:
1369 3545 1441 3614 qnasi
1454 3545 1597 3614 morientes,
1612 3556 1637 3603 et
1658 3565 1715 3605 ecce
1735 3551 1798 3606 oisi-

1006 3644 1063 3686 ntns
1070 3647 1081 3697 ,·
1095 3638 1121 3685 ιιι
1133 3631 1234 3711 concio
1245 3630 1266 3698 ¹,
1280 3640 1303 3686 et
1314 3649 1366 3688 non
1378 3636 1524 3706 ntortipicoti
1533 3653 1544 3702 ,·
1557 3645 1585 3692 nt
1599 3637 1692 3703 tristen
1702 3655 1800 3713 semper

1003 3730 1090 3777 natan
1101 3721 1257 3794 pendentm
1271 3724 1335 3779 dent
1355 3726 1437 3797 egeni,
1458 3728 1553 3783 maltos
1573 3738 1658 3809 oeten
1671 3730 1779 3789 ditantes
1788 3749 1800 3799 ,·

1005 3823 1126 3886 ιιιιᾳιιιει
1143 3817 1209 3873 nibil
1229 3816 1357 3886 amanter,
1379 3828 1402 3873 et
1423 3820 1509 3875 ontnio
1528 3822 1681 3888 poentientia
1691 3822 1728 3896 (tt
1738 3823 1798 3881 Cor.

1006 3922 1045 3974 vr,
1053 3908 1150 3980 ΗΟ.)
1162 3907 1370 3980 Sicutergoista
1380 3912 1513 3967 eorrtraria
1525 3913 1666 3970 contrariis
1675 3916 1798 3987 opposita

1004 4000 1136 4057 mononis
1150 4001 1372 4073 pulchritudinem
1392 4001 1525 4069 reddoot;
1540 4002 1578 4059 ita
1596 4003 1723 4076 quadam,
1745 4023 1798 4065 non

1003 4094 1158 4160 ruborum,
1171 4093 1224 4151 sed
1234 4109 1324 4149 rerum
1334 4094 1487 4165 eloquentia
1503 4096 1697 4152 contrariorum
1711 4112 1797 4170 oppo-

1003 4185 1196 4240 sitionesaeculi
1205 4184 1373 4255 pulchritudo
1381 4172 1739 4258 componitur..lpertissime
1747 4190 1798 4247 boc

1003 4279 1122 4349 positum
1133 4289 1177 4336 ost
1188 4279 1215 4335 in
1231 4279 1299 4335 libro
1312 4280 1510 4349 Ecclesiastico,
1524 4280 1575 4338 boc
1590 4282 1671 4345 modo
1682 4301 1690 4340 a
1703 4281 1798 4340 Contra

1003 4372 1099 4426 molam
1108 4375 1200 4428 ionnnt
1209 4380 1256 4440 est,
1264 4383 1288 4427 et
1299 4383 1501 4429 contrementem
1510 4374 1718 4431 eitotsiccontro
1727 4377 1797 4449 piata

1004 4473 1127 4535 pacator.
1140 4462 1174 4519 lit
1184 4463 1223 4519 aie
1234 4464 1330 4527 intuere
1339 4463 1366 4518 in
1376 4464 1463 4519 omma
1474 4481 1551 4536 opera
1561 4465 1695 4534 ditissimi,
1706 4467 1765 4523 bino
1774 4475 1797 4522 et

1002 4554 1071 4622 dina,
1087 4571 1166 4609 onum
1179 4563 1268 4609 corrtro
1277 4570 1356 4609 onaan
1367 4552 1464 4627 (Eecii.
1475 4571 1569 4622 xxnur,
1585 4556 1641 4625 tii.)

998 4643 1114 4703 ,CAPUT
1134 4645 1204 4701 xlx.
1218 4675 1253 4689 ι·
1266 4644 1334 4713 Qato
1344 4645 1501 4701 sentiendam
1521 4646 1635 4702 videnter
1647 4647 1681 4711 de
1689 4665 1718 4704 eo
1730 4648 1797 4721 qaod

1037 4739 1215 4809 scriptitarent,
1230 4736 1408 4805 bivisitbcus
1420 4736 1489 4791 inter
1501 4737 1588 4793 luceru
1599 4747 1626 4793 et
1639 4740 1775 4797 tenebras.

994 4866 997 4873 ,
1033 4827 1164 4896 Quamuis
1185 4830 1274 4897 itaque
1295 4826 1377 4882 dirim
1392 4827 1522 4882 sermonis
1544 4829 1695 4884 olrscoritos
1714 4831 1793 4886 etiarn

1001 4918 1035 4974 ad
1049 4917 1102 4972 boe
1114 4918 1150 4971 sit
1164 4918 1247 4983 utitis,
1263 4917 1333 4987 rqrrrrd
1348 4918 1437 4987 plures
1449 4918 1598 4975 scrutandas
1614 4919 1737 4976 veritatis
1748 4936 1793 4990 pr·

1000 5010 1038 5065 rit
1046 5018 1073 5065 et
1087 5009 1113 5063 in
1131 5008 1219 5063 larcern
1234 5008 1342 5078 lautitiae
1354 5008 1485 5077 producit,
1507 5009 1570 5064 dum
1584 5010 1654 5066 alius
1667 5026 1729 5067 eunt
1744 5012 1792 5073 sic,

999 5102 1070 5158 alitis
1084 5103 1122 5156 sic
1133 5101 1273 5171 intelligit;
1287 5101 1322 5154 ita
1336 5109 1424 5157 minen
1437 5111 1466 5156 ut
1479 5103 1551 5173 quod
1565 5104 1592 5159 in
1611 5104 1727 5161 obscuro
1737 5106 1793 5161 loro

1002 5193 1167 5265 intelligitur,
1181 5193 1223 5248 vel
1233 5193 1404 5248 attestatione
1423 5208 1511 5249 rerum
1529 5194 1742 5261 manifestarum,
1754 5196 1792 5250 nl

1001 5287 1060 5343 aliis
1075 5286 1140 5341 loreis
1153 5285 1262 5341 minime
1281 5284 1368 5340 dubiis
1380 5296 1537 5350 asseratur;
1553 5287 1610 5342 sine
1629 5301 1692 5343 cunr
1712 5289 1792 5342 nutrita

1001 5385 1158 5442 tractantur,
1172 5375 1206 5430 ad
1219 5374 1245 5430 id
1258 5390 1363 5445 qnoque
1376 5375 1557 5446 perveniatur,
1569 5374 1641 5446 quod
1653 5379 1741 5434 sensit
1751 5380 1792 5433 ilie

1000 5468 1045 5540 qui
1059 5467 1179 5538 scripsit;
1193 5467 1251 5522 sne
1268 5464 1296 5522 id
1309 5466 1414 5537 quidem
1433 5468 1523 5533 lateat,
1544 5468 1592 5524 sed
1604 5483 1638 5524 ex
1651 5472 1789 5528 occisione

985 5632 988 5637 ,
1032 5578 1142 5629 ‘eiures
1153 5592 1201 5629 ooo
1215 5580 1420 5631 deteriorisnotae
1431 5587 1495 5641 uss..
1513 5588 1569 5646 qooe
1586 5578 1659 5633 ledae
1675 5590 1701 5633 att
1713 5583 1793 5650 appel·

1000 5641 1349 5817 &manantem
1364 5698 1440 5757 untur
1459 5705 1532 5769 eqiist.
1552 5702 1605 5770 lbi,
1614 5734 1617 5741 ·
1626 5716 1651 5755 n.
1663 5706 1688 5769 li,
1701 5712 1726 5760 e·
1739 5705 1793 5767 ‘dib
