<?xml version="1.0" encoding="UTF-8"?>
<!DOCTYPE html PUBLIC "-//W3C//DTD XHTML 1.0 Transitional//EN"
    "http://www.w3.org/TR/xhtml1/DTD/xhtml1-transitional.dtd">
<html xmlns="http://www.w3.org/1999/xhtml" xml:lang="en" lang="en">
 <head>
  <title>
</title>
<meta http-equiv="Content-Type" content="text/html;charset=utf-8" />
  <meta name='ocr-system' content='tesseract 3.04.00' />
  <meta name='ocr-capabilities' content='ocr_page ocr_carea ocr_par ocr_line ocrx_word'/>
</head>
<body>
  <div class='ocr_page' id='page_1' title='image "./sanctiaureliiau04augugoog/sanctiaureliiau04augugoog_0131.png"; bbox 0 0 3900 6390; ppageno 0'>
   <div class='ocr_carea' id='block_1_1' title="bbox 196 262 1015 1651">
    <p class='ocr_par' dir='ltr' id='par_1_1' title="bbox 196 262 1015 1651">
     <span class='ocr_line' id='line_1_1' title="bbox 220 262 270 335; baseline -0.02 0"><span class='ocrx_word' id='word_1_1' title='bbox 220 262 270 335; x_wconf 80' lang='lat' dir='ltr'><strong>tn</strong></span> 
     </span>
     <span class='ocr_line' id='line_1_2' title="bbox 196 386 1012 467; baseline -0.005 -21"><span class='ocrx_word' id='word_1_2' title='bbox 196 408 291 467; x_wconf 65' lang='lat' dir='ltr'><strong>,ror-e</strong></span> <span class='ocrx_word' id='word_1_3' title='bbox 303 391 440 462; x_wconf 80' lang='lat' dir='ltr'><strong>religionis</strong></span> <span class='ocrx_word' id='word_1_4' title='bbox 453 390 587 460; x_wconf 76' lang='lat' dir='ltr'><strong>indignis,</strong></span> <span class='ocrx_word' id='word_1_5' title='bbox 604 397 730 458; x_wconf 84' lang='lat' dir='ltr'><strong>tanquam</strong></span> <span class='ocrx_word' id='word_1_6' title='bbox 750 388 835 457; x_wconf 87' lang='lat' dir='ltr'><strong>captis</strong></span> <span class='ocrx_word' id='word_1_7' title='bbox 847 386 1012 457; x_wconf 72' lang='lat' dir='ltr'><strong>subditisque</strong></span> 
     </span>
     <span class='ocr_line' id='line_1_3' title="bbox 220 478 1013 550; baseline -0.005 -13"><span class='ocrx_word' id='word_1_8' title='bbox 220 483 393 539; x_wconf 76' lang='lat' dir='ltr'><strong>dominantur</strong></span> <span class='ocrx_word' id='word_1_9' title='bbox 408 500 415 535; x_wconf 93' lang='lat'>:</span> <span class='ocrx_word' id='word_1_10' title='bbox 431 496 544 550; x_wconf 91' lang='lat' dir='ltr'><strong>quorum</strong></span> <span class='ocrx_word' id='word_1_11' title='bbox 567 479 689 534; x_wconf 75' lang='lat' dir='ltr'><strong>maximat</strong></span> <span class='ocrx_word' id='word_1_12' title='bbox 713 480 781 549; x_wconf 86' lang='lat' dir='ltr'><strong>parti</strong></span> <span class='ocrx_word' id='word_1_13' title='bbox 800 478 965 532; x_wconf 88' lang='lat' dir='ltr'><strong>ntirabilibus</strong></span> <span class='ocrx_word' id='word_1_14' title='bbox 986 490 1013 533; x_wconf 94' lang='lat' dir='ltr'><strong>ct</strong></span> 
     </span>
     <span class='ocr_line' id='line_1_4' title="bbox 221 567 1012 643; baseline -0.008 -16"><span class='ocrx_word' id='word_1_15' title='bbox 221 573 361 630; x_wconf 79' lang='lat' dir='ltr'><strong>fallacibus</strong></span> <span class='ocrx_word' id='word_1_16' title='bbox 383 571 465 643; x_wconf 78' lang='lat' dir='ltr'><strong>signis</strong></span> <span class='ocrx_word' id='word_1_17' title='bbox 487 570 545 626; x_wconf 83' lang='lat' dir='ltr'><strong>sire</strong></span> <span class='ocrx_word' id='word_1_18' title='bbox 565 569 712 635; x_wconf 89' lang='lat' dir='ltr'><strong>laetorum,</strong></span> <span class='ocrx_word' id='word_1_19' title='bbox 735 570 791 623; x_wconf 87' lang='lat' dir='ltr'><strong>sive</strong></span> <span class='ocrx_word' id='word_1_20' title='bbox 811 567 1012 637; x_wconf 79' lang='lat' dir='ltr'><strong>predictorum,</strong></span> 
     </span>
     <span class='ocr_line' id='line_1_5' title="bbox 208 660 1012 733; baseline -0.005 -15"><span class='ocrx_word' id='word_1_21' title='bbox 208 664 287 720; x_wconf 90' lang='lat' dir='ltr'><strong>-deos</strong></span> <span class='ocrx_word' id='word_1_22' title='bbox 313 680 343 719; x_wconf 90' lang='lat' dir='ltr'><strong>se</strong></span> <span class='ocrx_word' id='word_1_23' title='bbox 371 679 431 720; x_wconf 89' lang='lat' dir='ltr'><strong>esse</strong></span> <span class='ocrx_word' id='word_1_24' title='bbox 459 671 657 733; x_wconf 90' lang='lat' dir='ltr'><strong>persuaserunt.</strong></span> <span class='ocrx_word' id='word_1_25' title='bbox 679 660 841 728; x_wconf 80' lang='lat' dir='ltr'><strong>Quibusdam</strong></span> <span class='ocrx_word' id='word_1_26' title='bbox 861 675 925 717; x_wconf 88' lang='lat' dir='ltr'><strong>uero</strong></span> <span class='ocrx_word' id='word_1_27' title='bbox 950 661 1012 715; x_wconf 88' lang='lat' dir='ltr'><strong>uitia</strong></span> 
     </span>
     <span class='ocr_line' id='line_1_6' title="bbox 206 734 1010 836; baseline -0.006 -26"><span class='ocrx_word' id='word_1_28' title='bbox 206 734 315 836; x_wconf 67' lang='lat' dir='ltr'><strong>{eorum</strong></span> <span class='ocrx_word' id='word_1_29' title='bbox 335 756 470 824; x_wconf 86' lang='lat' dir='ltr'><strong>aliquanto</strong></span> <span class='ocrx_word' id='word_1_30' title='bbox 489 753 615 807; x_wconf 91' lang='lat' dir='ltr'><strong>attentius</strong></span> <span class='ocrx_word' id='word_1_31' title='bbox 628 761 655 808; x_wconf 91' lang='lat' dir='ltr'><strong>et</strong></span> <span class='ocrx_word' id='word_1_32' title='bbox 663 751 816 821; x_wconf 79' lang='lat' dir='ltr'><strong>diligentius</strong></span> <span class='ocrx_word' id='word_1_33' title='bbox 831 750 1010 817; x_wconf 89' lang='lat' dir='ltr'><strong>intuentibus,</strong></span> 
     </span>
     <span class='ocr_line' id='line_1_7' title="bbox 204 842 1014 916; baseline -0.006 -16"><span class='ocrx_word' id='word_1_34' title='bbox 204 850 208 911; x_wconf 63' lang='grc' dir='ltr'>ξ</span> <span class='ocrx_word' id='word_1_35' title='bbox 222 861 275 901; x_wconf 92' lang='lat' dir='ltr'><strong>nou</strong></span> <span class='ocrx_word' id='word_1_36' title='bbox 296 853 440 916; x_wconf 88' lang='lat' dir='ltr'><strong>potuerunt</strong></span> <span class='ocrx_word' id='word_1_37' title='bbox 459 844 619 915; x_wconf 88' lang='lat' dir='ltr'><strong>persuadere</strong></span> <span class='ocrx_word' id='word_1_38' title='bbox 633 843 704 913; x_wconf 93' lang='lat' dir='ltr'><strong>quod</strong></span> <span class='ocrx_word' id='word_1_39' title='bbox 716 843 751 896; x_wconf 92' lang='lat' dir='ltr'><strong>dii</strong></span> <span class='ocrx_word' id='word_1_40' title='bbox 771 843 838 908; x_wconf 88' lang='lat' dir='ltr'><strong>sint,</strong></span> <span class='ocrx_word' id='word_1_41' title='bbox 852 851 932 912; x_wconf 89' lang='lat' dir='ltr'><strong>atque</strong></span> <span class='ocrx_word' id='word_1_42' title='bbox 944 842 1014 896; x_wconf 90' lang='lat' dir='ltr'><strong>iuter</strong></span> 
     </span>
     <span class='ocr_line' id='line_1_8' title="bbox 199 919 1013 1001; baseline -0.007 -11"><span class='ocrx_word' id='word_1_43' title='bbox 199 919 205 948; x_wconf 72' lang='lat'>²</span> <span class='ocrx_word' id='word_1_44' title='bbox 222 937 288 991; x_wconf 88' lang='lat' dir='ltr'><strong>deos</strong></span> <span class='ocrx_word' id='word_1_45' title='bbox 313 945 339 990; x_wconf 88' lang='lat' dir='ltr'><strong>et</strong></span> <span class='ocrx_word' id='word_1_46' title='bbox 353 935 476 990; x_wconf 88' lang='lat' dir='ltr'><strong>immines</strong></span> <span class='ocrx_word' id='word_1_47' title='bbox 491 935 669 989; x_wconf 90' lang='lat' dir='ltr'><strong>internuntios</strong></span> <span class='ocrx_word' id='word_1_48' title='bbox 683 949 714 988; x_wconf 92' lang='lat' dir='ltr'><strong>ac</strong></span> <span class='ocrx_word' id='word_1_49' title='bbox 727 933 914 988; x_wconf 80' lang='lat' dir='ltr'><strong>lreueliciorum</strong></span> <span class='ocrx_word' id='word_1_50' title='bbox 931 935 1013 1001; x_wconf 90' lang='lat' dir='ltr'><strong>impe·</strong></span> 
     </span>
     <span class='ocr_line' id='line_1_9' title="bbox 223 1018 1013 1082; baseline -0.008 0"><span class='ocrx_word' id='word_1_51' title='bbox 223 1018 340 1082; x_wconf 59' lang='lat' dir='ltr'><strong>statores</strong></span> <span class='ocrx_word' id='word_1_52' title='bbox 352 1040 383 1081; x_wconf 87' lang='lat' dir='ltr'><strong>se</strong></span> <span class='ocrx_word' id='word_1_53' title='bbox 393 1041 453 1082; x_wconf 90' lang='lat' dir='ltr'><strong>esse</strong></span> <span class='ocrx_word' id='word_1_54' title='bbox 465 1028 599 1080; x_wconf 88' lang='lat' dir='ltr'><strong>linxerunt</strong></span> <span class='ocrx_word' id='word_1_55' title='bbox 611 1044 617 1079; x_wconf 91' lang='lat'>:</span> <span class='ocrx_word' id='word_1_56' title='bbox 631 1026 653 1079; x_wconf 91' lang='lat' dir='ltr'><strong>si</strong></span> <span class='ocrx_word' id='word_1_57' title='bbox 668 1034 817 1079; x_wconf 90' lang='lat' dir='ltr'><strong>tamennon</strong></span> <span class='ocrx_word' id='word_1_58' title='bbox 829 1025 908 1077; x_wconf 93' lang='lat' dir='ltr'><strong>istum</strong></span> <span class='ocrx_word' id='word_1_59' title='bbox 918 1024 1013 1077; x_wconf 90' lang='lat' dir='ltr'><strong>saltem</strong></span> 
     </span>
     <span class='ocr_line' id='line_1_10' title="bbox 226 1112 1013 1183; baseline -0.009 -9"><span class='ocrx_word' id='word_1_60' title='bbox 226 1118 357 1174; x_wconf 87' lang='lat' dir='ltr'><strong>bonorem</strong></span> <span class='ocrx_word' id='word_1_61' title='bbox 371 1117 494 1172; x_wconf 85' lang='lat' dir='ltr'><strong>homiues</strong></span> <span class='ocrx_word' id='word_1_62' title='bbox 509 1120 548 1171; x_wconf 91' lang='lat' dir='ltr'><strong>eis</strong></span> <span class='ocrx_word' id='word_1_63' title='bbox 562 1114 734 1171; x_wconf 79' lang='lat' dir='ltr'><strong>deserendum</strong></span> <span class='ocrx_word' id='word_1_64' title='bbox 749 1122 882 1183; x_wconf 91' lang='lat' dir='ltr'><strong>putarunt,</strong></span> <span class='ocrx_word' id='word_1_65' title='bbox 896 1113 939 1183; x_wconf 94' lang='lat' dir='ltr'><strong>qui</strong></span> <span class='ocrx_word' id='word_1_66' title='bbox 956 1112 1013 1167; x_wconf 89' lang='lat' dir='ltr'><strong>illos</strong></span> 
     </span>
     <span class='ocr_line' id='line_1_11' title="bbox 224 1204 1014 1278; baseline -0.011 -11"><span class='ocrx_word' id='word_1_67' title='bbox 224 1225 276 1268; x_wconf 88' lang='lat' dir='ltr'><strong>trec</strong></span> <span class='ocrx_word' id='word_1_68' title='bbox 289 1211 354 1267; x_wconf 88' lang='lat' dir='ltr'><strong>deos</strong></span> <span class='ocrx_word' id='word_1_69' title='bbox 373 1224 433 1265; x_wconf 90' lang='lat' dir='ltr'><strong>esse</strong></span> <span class='ocrx_word' id='word_1_70' title='bbox 446 1209 607 1274; x_wconf 87' lang='lat' dir='ltr'><strong>credebaut,</strong></span> <span class='ocrx_word' id='word_1_71' title='bbox 622 1207 683 1278; x_wconf 92' lang='lat' dir='ltr'><strong>quia</strong></span> <span class='ocrx_word' id='word_1_72' title='bbox 696 1206 781 1261; x_wconf 91' lang='lat' dir='ltr'><strong>malos</strong></span> <span class='ocrx_word' id='word_1_73' title='bbox 794 1205 935 1270; x_wconf 74' lang='lat' dir='ltr'><strong>uidebant,</strong></span> <span class='ocrx_word' id='word_1_74' title='bbox 949 1204 1014 1259; x_wconf 87' lang='lat' dir='ltr'><strong>deos</strong></span> 
     </span>
     <span class='ocr_line' id='line_1_12' title="bbox 225 1296 1014 1363; baseline -0.009 -5"><span class='ocrx_word' id='word_1_75' title='bbox 225 1312 314 1360; x_wconf 89' lang='lat' dir='ltr'><strong>autem</strong></span> <span class='ocrx_word' id='word_1_76' title='bbox 336 1318 430 1358; x_wconf 90' lang='lat' dir='ltr'><strong>omues</strong></span> <span class='ocrx_word' id='word_1_77' title='bbox 452 1300 689 1363; x_wconf 87' lang='lat' dir='ltr'><strong>bonusuolebant,</strong></span> <span class='ocrx_word' id='word_1_78' title='bbox 712 1311 762 1353; x_wconf 89' lang='lat' dir='ltr'><strong>nec</strong></span> <span class='ocrx_word' id='word_1_79' title='bbox 780 1296 912 1353; x_wconf 87' lang='lat' dir='ltr'><strong>audebant</strong></span> <span class='ocrx_word' id='word_1_80' title='bbox 926 1305 1014 1352; x_wconf 88' lang='lat' dir='ltr'><strong>tamen</strong></span> 
     </span>
     <span class='ocr_line' id='line_1_13' title="bbox 224 1392 1015 1466; baseline -0.009 -13"><span class='ocrx_word' id='word_1_81' title='bbox 224 1397 335 1453; x_wconf 89' lang='lat' dir='ltr'><strong>omnino</strong></span> <span class='ocrx_word' id='word_1_82' title='bbox 354 1396 478 1466; x_wconf 76' lang='lat' dir='ltr'><strong>indignos</strong></span> <span class='ocrx_word' id='word_1_83' title='bbox 500 1395 591 1451; x_wconf 83' lang='lat' dir='ltr'><strong>dicere</strong></span> <span class='ocrx_word' id='word_1_84' title='bbox 605 1394 707 1449; x_wconf 89' lang='lat' dir='ltr'><strong>bonore</strong></span> <span class='ocrx_word' id='word_1_85' title='bbox 722 1394 830 1457; x_wconf 86' lang='lat' dir='ltr'><strong>diuino;</strong></span> <span class='ocrx_word' id='word_1_86' title='bbox 845 1392 959 1448; x_wconf 85' lang='lat' dir='ltr'><strong>maxime</strong></span> <span class='ocrx_word' id='word_1_87' title='bbox 979 1405 1015 1446; x_wconf 89' lang='lat' dir='ltr'><strong>ae</strong></span> 
     </span>
     <span class='ocr_line' id='line_1_14' title="bbox 225 1482 1015 1558; baseline -0.009 -13"><span class='ocrx_word' id='word_1_88' title='bbox 225 1487 393 1545; x_wconf 87' lang='lat' dir='ltr'><strong>ollendereut</strong></span> <span class='ocrx_word' id='word_1_89' title='bbox 414 1487 544 1558; x_wconf 91' lang='lat' dir='ltr'><strong>populos,</strong></span> <span class='ocrx_word' id='word_1_90' title='bbox 558 1500 574 1541; x_wconf 88' lang='lat' dir='ltr'><strong>a</strong></span> <span class='ocrx_word' id='word_1_91' title='bbox 588 1485 683 1555; x_wconf 90' lang='lat' dir='ltr'><strong>quibus</strong></span> <span class='ocrx_word' id='word_1_92' title='bbox 695 1485 736 1541; x_wconf 91' lang='lat' dir='ltr'><strong>eis</strong></span> <span class='ocrx_word' id='word_1_93' title='bbox 754 1483 897 1540; x_wconf 77' lang='lat' dir='ltr'><strong>cernebant</strong></span> <span class='ocrx_word' id='word_1_94' title='bbox 911 1482 1015 1538; x_wconf 50' lang='lat' dir='ltr'><strong>inuete-¹</strong></span> 
     </span>
     <span class='ocr_line' id='line_1_15' title="bbox 226 1575 950 1651; baseline -0.01 -15"><span class='ocrx_word' id='word_1_95' title='bbox 226 1587 283 1636; x_wconf 85' lang='lat' dir='ltr'><strong>sata</strong></span> <span class='ocrx_word' id='word_1_96' title='bbox 293 1579 482 1650; x_wconf 75' lang='lat' dir='ltr'><strong>superstitione</strong></span> <span class='ocrx_word' id='word_1_97' title='bbox 495 1594 542 1651; x_wconf 90' lang='lat' dir='ltr'><strong>per</strong></span> <span class='ocrx_word' id='word_1_98' title='bbox 555 1586 594 1633; x_wconf 92' lang='lat' dir='ltr'><strong>tot</strong></span> <span class='ocrx_word' id='word_1_99' title='bbox 603 1593 679 1633; x_wconf 85' lang='lat' dir='ltr'><strong>soem</strong></span> <span class='ocrx_word' id='word_1_100' title='bbox 693 1586 720 1633; x_wconf 91' lang='lat' dir='ltr'><strong>ot</strong></span> <span class='ocrx_word' id='word_1_101' title='bbox 735 1577 831 1647; x_wconf 90' lang='lat' dir='ltr'><strong>templa</strong></span> <span class='ocrx_word' id='word_1_102' title='bbox 845 1575 950 1631; x_wconf 77' lang='lat' dir='ltr'><strong>serviri.</strong></span> 
     </span>
    </p>
   </div>
   <div class='ocr_carea' id='block_1_2' title="bbox 226 1707 1018 1967">
    <p class='ocr_par' dir='ltr' id='par_1_2' title="bbox 226 1707 1018 1967">
     <span class='ocr_line' id='line_1_16' title="bbox 226 1707 1018 1778; baseline -0.006 -11"><span class='ocrx_word' id='word_1_103' title='bbox 226 1709 340 1768; x_wconf 76' lang='lat' dir='ltr'>CAPUT</span> <span class='ocrx_word' id='word_1_104' title='bbox 349 1710 481 1767; x_wconf 80' lang='lat' dir='ltr'><strong>xxttt.-</strong></span> <span class='ocrx_word' id='word_1_105' title='bbox 489 1710 556 1778; x_wconf 75' lang='lat' dir='ltr'><strong>Quid</strong></span> <span class='ocrx_word' id='word_1_106' title='bbox 565 1709 670 1766; x_wconf 75' lang='lat' dir='ltr'><strong>llamcs</strong></span> <span class='ocrx_word' id='word_1_107' title='bbox 678 1708 853 1778; x_wconf 82' lang='lat' dir='ltr'><strong>Trisrrtepistus</strong></span> <span class='ocrx_word' id='word_1_108' title='bbox 865 1710 896 1764; x_wconf 84' lang='lat' dir='ltr'><strong>de</strong></span> <span class='ocrx_word' id='word_1_109' title='bbox 908 1707 1018 1764; x_wconf 83' lang='lat' dir='ltr'><strong>idolola-</strong></span> 
     </span>
     <span class='ocr_line' id='line_1_17' title="bbox 264 1800 1017 1874; baseline -0.004 -16"><span class='ocrx_word' id='word_1_110' title='bbox 264 1804 315 1857; x_wconf 83' lang='lat' dir='ltr'><strong>tria</strong></span> <span class='ocrx_word' id='word_1_111' title='bbox 338 1804 458 1870; x_wconf 82' lang='lat' dir='ltr'><strong>senserit,</strong></span> <span class='ocrx_word' id='word_1_112' title='bbox 484 1813 506 1858; x_wconf 86' lang='lat' dir='ltr'><strong>et</strong></span> <span class='ocrx_word' id='word_1_113' title='bbox 526 1802 593 1857; x_wconf 77' lang='lat' dir='ltr'><strong>uncle</strong></span> <span class='ocrx_word' id='word_1_114' title='bbox 612 1802 676 1857; x_wconf 87' lang='lat' dir='ltr'><strong>scire</strong></span> <span class='ocrx_word' id='word_1_115' title='bbox 699 1803 805 1874; x_wconf 82' lang='lat' dir='ltr'><strong>patuerit</strong></span> <span class='ocrx_word' id='word_1_116' title='bbox 828 1800 1017 1872; x_wconf 84' lang='lat' dir='ltr'><strong>superstitiones</strong></span> 
     </span>
     <span class='ocr_line' id='line_1_18' title="bbox 264 1893 576 1967; baseline -0.013 -16"><span class='ocrx_word' id='word_1_117' title='bbox 264 1893 404 1967; x_wconf 76' lang='lat' dir='ltr'><strong>AE&#39;pqptias</strong></span> <span class='ocrx_word' id='word_1_118' title='bbox 415 1895 576 1967; x_wconf 70' lang='lat' dir='ltr'><strong>antecedas.</strong></span> 
     </span>
    </p>
   </div>
   <div class='ocr_carea' id='block_1_3' title="bbox 229 2021 1034 4742">
    <p class='ocr_par' dir='ltr' id='par_1_3' title="bbox 229 2021 1034 4742">
     <span class='ocr_line' id='line_1_19' title="bbox 264 2021 1017 2094; baseline -0.007 -14"><span class='ocrx_word' id='word_1_119' title='bbox 264 2023 291 2080; x_wconf 86' lang='lat' dir='ltr'><strong>l.</strong></span> <span class='ocrx_word' id='word_1_120' title='bbox 311 2023 378 2079; x_wconf 83' lang='lat' dir='ltr'><strong>llam</strong></span> <span class='ocrx_word' id='word_1_121' title='bbox 399 2023 505 2078; x_wconf 88' lang='lat' dir='ltr'><strong>diversa</strong></span> <span class='ocrx_word' id='word_1_122' title='bbox 525 2024 559 2079; x_wconf 89' lang='lat' dir='ltr'><strong>de</strong></span> <span class='ocrx_word' id='word_1_123' title='bbox 573 2023 625 2079; x_wconf 91' lang='lat' dir='ltr'><strong>illis</strong></span> <span class='ocrx_word' id='word_1_124' title='bbox 640 2023 751 2078; x_wconf 87' lang='lat' dir='ltr'><strong>Hermes</strong></span> <span class='ocrx_word' id='word_1_125' title='bbox 765 2021 923 2094; x_wconf 78' lang='lat' dir='ltr'><strong>AEgyptius,</strong></span> <span class='ocrx_word' id='word_1_126' title='bbox 939 2036 1017 2092; x_wconf 89' lang='lat' dir='ltr'><strong>queru</strong></span> 
     </span>
     <span class='ocr_line' id='line_1_20' title="bbox 229 2112 1019 2187; baseline -0.004 -16"><span class='ocrx_word' id='word_1_127' title='bbox 229 2115 430 2186; x_wconf 82' lang='lat' dir='ltr'><strong>Trisruegistum</strong></span> <span class='ocrx_word' id='word_1_128' title='bbox 443 2125 555 2183; x_wconf 80' lang='lat' dir='ltr'><strong>vocant,</strong></span> <span class='ocrx_word' id='word_1_129' title='bbox 572 2115 655 2170; x_wconf 90' lang='lat' dir='ltr'><strong>sensit</strong></span> <span class='ocrx_word' id='word_1_130' title='bbox 669 2124 696 2169; x_wconf 91' lang='lat' dir='ltr'><strong>et</strong></span> <span class='ocrx_word' id='word_1_131' title='bbox 708 2115 813 2184; x_wconf 81' lang='lat' dir='ltr'><strong>scripsit</strong></span> <span class='ocrx_word' id='word_1_132' title='bbox 828 2114 878 2187; x_wconf 89' lang='grc' dir='ltr'>(ιι).</span> <span class='ocrx_word' id='word_1_133' title='bbox 893 2112 1019 2183; x_wconf 82' lang='lat' dir='ltr'><strong>Apuleius</strong></span> 
     </span>
     <span class='ocr_line' id='line_1_21' title="bbox 229 2204 1020 2276; baseline -0.001 -16"><span class='ocrx_word' id='word_1_134' title='bbox 229 2207 299 2260; x_wconf 86' lang='lat' dir='ltr'><strong>eninr</strong></span> <span class='ocrx_word' id='word_1_135' title='bbox 313 2206 377 2261; x_wconf 90' lang='lat' dir='ltr'><strong>deos</strong></span> <span class='ocrx_word' id='word_1_136' title='bbox 390 2205 499 2276; x_wconf 92' lang='lat' dir='ltr'><strong>quidem</strong></span> <span class='ocrx_word' id='word_1_137' title='bbox 510 2205 570 2259; x_wconf 93' lang='lat' dir='ltr'><strong>illos</strong></span> <span class='ocrx_word' id='word_1_138' title='bbox 582 2215 660 2274; x_wconf 73' lang='lat' dir='ltr'><strong>negat</strong></span> <span class='ocrx_word' id='word_1_139' title='bbox 674 2223 681 2258; x_wconf 91' lang='lat'>:</span> <span class='ocrx_word' id='word_1_140' title='bbox 696 2204 742 2259; x_wconf 87' lang='lat' dir='ltr'><strong>sed</strong></span> <span class='ocrx_word' id='word_1_141' title='bbox 757 2220 816 2259; x_wconf 91' lang='lat' dir='ltr'><strong>cum</strong></span> <span class='ocrx_word' id='word_1_142' title='bbox 829 2205 893 2258; x_wconf 90' lang='lat' dir='ltr'><strong>dicit</strong></span> <span class='ocrx_word' id='word_1_143' title='bbox 904 2204 938 2258; x_wconf 91' lang='lat' dir='ltr'><strong>ita</strong></span> <span class='ocrx_word' id='word_1_144' title='bbox 951 2205 1020 2259; x_wconf 90' lang='lat' dir='ltr'><strong>inter</strong></span> 
     </span>
     <span class='ocr_line' id='line_1_22' title="bbox 231 2295 1019 2367; baseline -0.001 -16"><span class='ocrx_word' id='word_1_145' title='bbox 231 2298 352 2352; x_wconf 87' lang='lat' dir='ltr'><strong>ltomiues</strong></span> <span class='ocrx_word' id='word_1_146' title='bbox 369 2298 486 2367; x_wconf 89' lang='lat' dir='ltr'><strong>deosque</strong></span> <span class='ocrx_word' id='word_1_147' title='bbox 504 2296 618 2367; x_wconf 92' lang='lat' dir='ltr'><strong>quadam</strong></span> <span class='ocrx_word' id='word_1_148' title='bbox 632 2295 774 2350; x_wconf 85' lang='lat' dir='ltr'><strong>medietate</strong></span> <span class='ocrx_word' id='word_1_149' title='bbox 789 2296 905 2358; x_wconf 87' lang='lat' dir='ltr'><strong>versari,</strong></span> <span class='ocrx_word' id='word_1_150' title='bbox 919 2304 949 2351; x_wconf 92' lang='lat' dir='ltr'><strong>nt</strong></span> <span class='ocrx_word' id='word_1_151' title='bbox 969 2295 1019 2350; x_wconf 91' lang='lat' dir='ltr'><strong>ho·</strong></span> 
     </span>
     <span class='ocr_line' id='line_1_23' title="bbox 231 2387 1020 2458; baseline 0 -16"><span class='ocrx_word' id='word_1_152' title='bbox 231 2389 348 2444; x_wconf 89' lang='lat' dir='ltr'><strong>nriuibus</strong></span> <span class='ocrx_word' id='word_1_153' title='bbox 361 2389 431 2458; x_wconf 89' lang='lat' dir='ltr'><strong>apud</strong></span> <span class='ocrx_word' id='word_1_154' title='bbox 442 2388 586 2458; x_wconf 88' lang='lat' dir='ltr'><strong>ipsosdeos</strong></span> <span class='ocrx_word' id='word_1_155' title='bbox 598 2387 740 2442; x_wconf 89' lang='lat' dir='ltr'><strong>necessarii</strong></span> <span class='ocrx_word' id='word_1_156' title='bbox 754 2387 908 2453; x_wconf 78' lang='lat' dir='ltr'><strong>rideantur,</strong></span> <span class='ocrx_word' id='word_1_157' title='bbox 922 2387 1020 2442; x_wconf 89' lang='lat' dir='ltr'><strong>cultum</strong></span> 
     </span>
     <span class='ocr_line' id='line_1_24' title="bbox 230 2478 1021 2549; baseline 0 -15"><span class='ocrx_word' id='word_1_158' title='bbox 230 2495 353 2534; x_wconf 90' lang='lat' dir='ltr'><strong>eorutna</strong></span> <span class='ocrx_word' id='word_1_159' title='bbox 372 2494 547 2548; x_wconf 89' lang='lat' dir='ltr'><strong>supernorum</strong></span> <span class='ocrx_word' id='word_1_160' title='bbox 563 2479 674 2534; x_wconf 88' lang='lat' dir='ltr'><strong>deornm</strong></span> <span class='ocrx_word' id='word_1_161' title='bbox 689 2478 817 2549; x_wconf 78' lang='lat' dir='ltr'><strong>religione</strong></span> <span class='ocrx_word' id='word_1_162' title='bbox 838 2494 891 2532; x_wconf 93' lang='lat' dir='ltr'><strong>non</strong></span> <span class='ocrx_word' id='word_1_163' title='bbox 905 2486 1021 2548; x_wconf 65' lang='lat' dir='ltr'><strong>separati</strong></span> 
     </span>
     <span class='ocr_line' id='line_1_25' title="bbox 232 2569 1022 2640; baseline -0.003 -15"><span class='ocrx_word' id='word_1_164' title='bbox 232 2570 279 2626; x_wconf 92' lang='lat' dir='ltr'><strong>llle</strong></span> <span class='ocrx_word' id='word_1_165' title='bbox 300 2580 389 2624; x_wconf 88' lang='lat' dir='ltr'><strong>autem</strong></span> <span class='ocrx_word' id='word_1_166' title='bbox 400 2569 542 2640; x_wconf 75' lang='lat' dir='ltr'><strong>AEgyptius</strong></span> <span class='ocrx_word' id='word_1_167' title='bbox 554 2570 621 2624; x_wconf 88' lang='lat' dir='ltr'><strong>alios</strong></span> <span class='ocrx_word' id='word_1_168' title='bbox 644 2570 708 2624; x_wconf 89' lang='lat' dir='ltr'><strong>deos</strong></span> <span class='ocrx_word' id='word_1_169' title='bbox 727 2583 786 2624; x_wconf 89' lang='lat' dir='ltr'><strong>esse</strong></span> <span class='ocrx_word' id='word_1_170' title='bbox 798 2569 896 2623; x_wconf 77' lang='lat' dir='ltr'><strong>dicito</strong></span> <span class='ocrx_word' id='word_1_171' title='bbox 918 2583 1022 2623; x_wconf 91' lang='lat' dir='ltr'><strong>summo</strong></span> 
     </span>
     <span class='ocr_line' id='line_1_26' title="bbox 233 2658 1023 2730; baseline -0.005 -14"><span class='ocrx_word' id='word_1_172' title='bbox 233 2661 289 2716; x_wconf 83' lang='lat' dir='ltr'><strong>oco</strong></span> <span class='ocrx_word' id='word_1_173' title='bbox 304 2661 404 2727; x_wconf 85' lang='lat' dir='ltr'><strong>laetos,</strong></span> <span class='ocrx_word' id='word_1_174' title='bbox 421 2661 488 2715; x_wconf 86' lang='lat' dir='ltr'><strong>alios</strong></span> <span class='ocrx_word' id='word_1_175' title='bbox 501 2660 534 2715; x_wconf 94' lang='lat' dir='ltr'><strong>ab</strong></span> <span class='ocrx_word' id='word_1_176' title='bbox 547 2658 707 2715; x_wconf 87' lang='lat' dir='ltr'><strong>lroruinibus.</strong></span> <span class='ocrx_word' id='word_1_177' title='bbox 721 2659 778 2714; x_wconf 91' lang='lat' dir='ltr'><strong>lloc</strong></span> <span class='ocrx_word' id='word_1_178' title='bbox 792 2659 836 2730; x_wconf 94' lang='lat' dir='ltr'><strong>qui</strong></span> <span class='ocrx_word' id='word_1_179' title='bbox 850 2659 939 2725; x_wconf 92' lang='lat' dir='ltr'><strong>audit,</strong></span> <span class='ocrx_word' id='word_1_180' title='bbox 955 2660 1023 2713; x_wconf 90' lang='lat' dir='ltr'><strong>sicot</strong></span> 
     </span>
     <span class='ocr_line' id='line_1_27' title="bbox 233 2750 1022 2823; baseline -0.005 -16"><span class='ocrx_word' id='word_1_181' title='bbox 233 2767 249 2807; x_wconf 91' lang='lat' dir='ltr'><strong>a</strong></span> <span class='ocrx_word' id='word_1_182' title='bbox 272 2768 316 2808; x_wconf 91' lang='lat' dir='ltr'><strong>rue</strong></span> <span class='ocrx_word' id='word_1_183' title='bbox 330 2753 445 2823; x_wconf 92' lang='lat' dir='ltr'><strong>positum</strong></span> <span class='ocrx_word' id='word_1_184' title='bbox 465 2761 521 2816; x_wconf 90' lang='lat' dir='ltr'><strong>est,</strong></span> <span class='ocrx_word' id='word_1_185' title='bbox 539 2759 614 2820; x_wconf 92' lang='lat' dir='ltr'><strong>putat</strong></span> <span class='ocrx_word' id='word_1_186' title='bbox 633 2750 685 2806; x_wconf 90' lang='lat' dir='ltr'><strong>dici</strong></span> <span class='ocrx_word' id='word_1_187' title='bbox 705 2751 739 2806; x_wconf 91' lang='lat' dir='ltr'><strong>de</strong></span> <span class='ocrx_word' id='word_1_188' title='bbox 753 2750 918 2815; x_wconf 82' lang='lat' dir='ltr'><strong>simulacris,</strong></span> <span class='ocrx_word' id='word_1_189' title='bbox 934 2753 995 2820; x_wconf 89' lang='lat' dir='ltr'><strong>quia</strong></span> <span class='ocrx_word' id='word_1_190' title='bbox 1013 2751 1022 2782; x_wconf 84' lang='lat'><strong>¹</strong></span> 
     </span>
     <span class='ocr_line' id='line_1_28' title="bbox 233 2845 1024 2918; baseline -0.005 -16"><span class='ocrx_word' id='word_1_191' title='bbox 233 2862 314 2918; x_wconf 89' lang='lat' dir='ltr'><strong>upera</strong></span> <span class='ocrx_word' id='word_1_192' title='bbox 328 2855 390 2901; x_wconf 92' lang='lat' dir='ltr'><strong>suut</strong></span> <span class='ocrx_word' id='word_1_193' title='bbox 400 2860 525 2900; x_wconf 93' lang='lat' dir='ltr'><strong>manuum</strong></span> <span class='ocrx_word' id='word_1_194' title='bbox 539 2845 676 2900; x_wconf 87' lang='lat' dir='ltr'><strong>bominum</strong></span> <span class='ocrx_word' id='word_1_195' title='bbox 689 2857 734 2900; x_wconf 90' lang='lat' dir='ltr'><strong>:at</strong></span> <span class='ocrx_word' id='word_1_196' title='bbox 747 2845 789 2899; x_wconf 89' lang='lat' dir='ltr'><strong>illo</strong></span> <span class='ocrx_word' id='word_1_197' title='bbox 802 2846 912 2900; x_wconf 85' lang='lat' dir='ltr'><strong>visibilia</strong></span> <span class='ocrx_word' id='word_1_198' title='bbox 924 2853 951 2900; x_wconf 93' lang='lat' dir='ltr'><strong>et</strong></span> <span class='ocrx_word' id='word_1_199' title='bbox 960 2860 1024 2900; x_wconf 87' lang='lat' dir='ltr'><strong>con·</strong></span> 
     </span>
     <span class='ocr_line' id='line_1_29' title="bbox 234 2937 1022 3008; baseline -0.003 -13"><span class='ocrx_word' id='word_1_200' title='bbox 234 2940 383 2996; x_wconf 88' lang='lat' dir='ltr'><strong>trectabilia</strong></span> <span class='ocrx_word' id='word_1_201' title='bbox 397 2939 558 3005; x_wconf 86' lang='lat' dir='ltr'><strong>simulacra,</strong></span> <span class='ocrx_word' id='word_1_202' title='bbox 572 2937 645 2995; x_wconf 88' lang='lat' dir='ltr'><strong>relat</strong></span> <span class='ocrx_word' id='word_1_203' title='bbox 660 2952 771 3008; x_wconf 92' lang='lat' dir='ltr'><strong>corpora</strong></span> <span class='ocrx_word' id='word_1_204' title='bbox 783 2937 892 2993; x_wconf 91' lang='lat' dir='ltr'><strong>deorum</strong></span> <span class='ocrx_word' id='word_1_205' title='bbox 905 2952 965 2993; x_wconf 90' lang='lat' dir='ltr'><strong>esse</strong></span> <span class='ocrx_word' id='word_1_206' title='bbox 979 2953 1022 2994; x_wconf 88' lang='lat' dir='ltr'><strong>as-</strong></span> 
     </span>
     <span class='ocr_line' id='line_1_30' title="bbox 234 3028 1021 3100; baseline -0.005 -13"><span class='ocrx_word' id='word_1_207' title='bbox 234 3031 315 3097; x_wconf 89' lang='lat' dir='ltr'><strong>scrit;</strong></span> <span class='ocrx_word' id='word_1_208' title='bbox 329 3032 419 3086; x_wconf 91' lang='lat' dir='ltr'><strong>inesse</strong></span> <span class='ocrx_word' id='word_1_209' title='bbox 441 3040 530 3085; x_wconf 91' lang='lat' dir='ltr'><strong>autem</strong></span> <span class='ocrx_word' id='word_1_210' title='bbox 551 3029 593 3084; x_wconf 89' lang='lat' dir='ltr'><strong>his</strong></span> <span class='ocrx_word' id='word_1_211' title='bbox 607 3029 734 3100; x_wconf 92' lang='lat' dir='ltr'><strong>quosdam</strong></span> <span class='ocrx_word' id='word_1_212' title='bbox 757 3029 866 3098; x_wconf 90' lang='lat' dir='ltr'><strong>spiritus</strong></span> <span class='ocrx_word' id='word_1_213' title='bbox 880 3028 1021 3095; x_wconf 88' lang='lat' dir='ltr'><strong>invitatos,</strong></span> 
     </span>
     <span class='ocr_line' id='line_1_31' title="bbox 234 3119 1024 3193; baseline -0.003 -17"><span class='ocrx_word' id='word_1_214' title='bbox 234 3123 280 3193; x_wconf 93' lang='lat' dir='ltr'><strong>qui</strong></span> <span class='ocrx_word' id='word_1_215' title='bbox 293 3122 399 3177; x_wconf 85' lang='lat' dir='ltr'><strong>valeant</strong></span> <span class='ocrx_word' id='word_1_216' title='bbox 413 3121 523 3191; x_wconf 89' lang='lat' dir='ltr'><strong>aliquid,</strong></span> <span class='ocrx_word' id='word_1_217' title='bbox 540 3120 596 3176; x_wconf 89' lang='lat' dir='ltr'><strong>sire</strong></span> <span class='ocrx_word' id='word_1_218' title='bbox 610 3121 643 3175; x_wconf 91' lang='lat' dir='ltr'><strong>ad</strong></span> <span class='ocrx_word' id='word_1_219' title='bbox 658 3119 821 3183; x_wconf 90' lang='lat' dir='ltr'><strong>nocendum,</strong></span> <span class='ocrx_word' id='word_1_220' title='bbox 836 3119 892 3174; x_wconf 87' lang='lat' dir='ltr'><strong>site</strong></span> <span class='ocrx_word' id='word_1_221' title='bbox 905 3119 938 3175; x_wconf 92' lang='lat' dir='ltr'><strong>ad</strong></span> <span class='ocrx_word' id='word_1_222' title='bbox 952 3119 1024 3174; x_wconf 91' lang='lat' dir='ltr'><strong>desi·</strong></span> 
     </span>
     <span class='ocr_line' id='line_1_32' title="bbox 234 3213 1024 3285; baseline -0.003 -15"><span class='ocrx_word' id='word_1_223' title='bbox 234 3215 309 3270; x_wconf 88' lang='lat' dir='ltr'><strong>deria</strong></span> <span class='ocrx_word' id='word_1_224' title='bbox 327 3230 419 3270; x_wconf 91' lang='lat' dir='ltr'><strong>corum</strong></span> <span class='ocrx_word' id='word_1_225' title='bbox 434 3215 560 3270; x_wconf 90' lang='lat' dir='ltr'><strong>nunuulla</strong></span> <span class='ocrx_word' id='word_1_226' title='bbox 571 3213 728 3285; x_wconf 84' lang='lat' dir='ltr'><strong>complenda</strong></span> <span class='ocrx_word' id='word_1_227' title='bbox 740 3253 749 3282; x_wconf 93' lang='lat'><strong>,</strong></span> <span class='ocrx_word' id='word_1_228' title='bbox 762 3229 777 3267; x_wconf 88' lang='lat' dir='ltr'><strong>a</strong></span> <span class='ocrx_word' id='word_1_229' title='bbox 790 3213 885 3284; x_wconf 85' lang='lat' dir='ltr'><strong>quibus</strong></span> <span class='ocrx_word' id='word_1_230' title='bbox 894 3215 933 3268; x_wconf 92' lang='lat' dir='ltr'><strong>eis</strong></span> <span class='ocrx_word' id='word_1_231' title='bbox 943 3213 1024 3269; x_wconf 91' lang='lat' dir='ltr'><strong>diuini</strong></span> 
     </span>
     <span class='ocr_line' id='line_1_33' title="bbox 237 3303 1026 3375; baseline -0.001 -15"><span class='ocrx_word' id='word_1_232' title='bbox 237 3305 353 3361; x_wconf 91' lang='lat' dir='ltr'><strong>bonores</strong></span> <span class='ocrx_word' id='word_1_233' title='bbox 367 3315 394 3361; x_wconf 88' lang='lat' dir='ltr'><strong>ct</strong></span> <span class='ocrx_word' id='word_1_234' title='bbox 406 3305 493 3361; x_wconf 91' lang='lat' dir='ltr'><strong>cultus</strong></span> <span class='ocrx_word' id='word_1_235' title='bbox 506 3306 634 3375; x_wconf 86' lang='lat' dir='ltr'><strong>obsequia</strong></span> <span class='ocrx_word' id='word_1_236' title='bbox 649 3304 812 3360; x_wconf 88' lang='lat' dir='ltr'><strong>delerantur.</strong></span> <span class='ocrx_word' id='word_1_237' title='bbox 827 3303 880 3358; x_wconf 91' lang='lat' dir='ltr'><strong>llos</strong></span> <span class='ocrx_word' id='word_1_238' title='bbox 895 3318 957 3375; x_wconf 79' lang='lat' dir='ltr'><strong>ergo</strong></span> <span class='ocrx_word' id='word_1_239' title='bbox 971 3304 1026 3375; x_wconf 90' lang='lat' dir='ltr'><strong>spi·</strong></span> 
     </span>
     <span class='ocr_line' id='line_1_34' title="bbox 236 3395 1026 3466; baseline -0.003 -14"><span class='ocrx_word' id='word_1_240' title='bbox 236 3398 305 3452; x_wconf 91' lang='lat' dir='ltr'><strong>ritus</strong></span> <span class='ocrx_word' id='word_1_241' title='bbox 318 3396 461 3453; x_wconf 84' lang='lat' dir='ltr'><strong>invisibiles</strong></span> <span class='ocrx_word' id='word_1_242' title='bbox 476 3412 523 3466; x_wconf 92' lang='lat' dir='ltr'><strong>per</strong></span> <span class='ocrx_word' id='word_1_243' title='bbox 538 3405 622 3451; x_wconf 91' lang='lat' dir='ltr'><strong>artem</strong></span> <span class='ocrx_word' id='word_1_244' title='bbox 636 3395 777 3466; x_wconf 90' lang='lat' dir='ltr'><strong>quamdam</strong></span> <span class='ocrx_word' id='word_1_245' title='bbox 791 3395 937 3451; x_wconf 84' lang='lat' dir='ltr'><strong>visibilibus</strong></span> <span class='ocrx_word' id='word_1_246' title='bbox 947 3395 1026 3450; x_wconf 86' lang='lat' dir='ltr'><strong>rebus</strong></span> 
     </span>
     <span class='ocr_line' id='line_1_35' title="bbox 236 3487 1026 3559; baseline -0.004 -14"><span class='ocrx_word' id='word_1_247' title='bbox 236 3489 383 3559; x_wconf 91' lang='lat' dir='ltr'><strong>corporalis</strong></span> <span class='ocrx_word' id='word_1_248' title='bbox 404 3489 521 3543; x_wconf 81' lang='lat' dir='ltr'><strong>materiae</strong></span> <span class='ocrx_word' id='word_1_249' title='bbox 536 3488 662 3558; x_wconf 88' lang='lat' dir='ltr'><strong>copulare</strong></span> <span class='ocrx_word' id='word_1_250' title='bbox 672 3490 694 3555; x_wconf 77' lang='lat'><strong>⁹,</strong></span> <span class='ocrx_word' id='word_1_251' title='bbox 711 3497 739 3542; x_wconf 94' lang='lat' dir='ltr'><strong>ut</strong></span> <span class='ocrx_word' id='word_1_252' title='bbox 753 3487 807 3541; x_wconf 91' lang='lat' dir='ltr'><strong>siut</strong></span> <span class='ocrx_word' id='word_1_253' title='bbox 818 3487 893 3556; x_wconf 84' lang='lat' dir='ltr'><strong>quasi</strong></span> <span class='ocrx_word' id='word_1_254' title='bbox 911 3487 1026 3542; x_wconf 88' lang='lat' dir='ltr'><strong>animata</strong></span> 
     </span>
     <span class='ocr_line' id='line_1_36' title="bbox 239 3577 1025 3649; baseline -0.005 -14"><span class='ocrx_word' id='word_1_255' title='bbox 239 3594 373 3649; x_wconf 89' lang='lat' dir='ltr'><strong>corpora,</strong></span> <span class='ocrx_word' id='word_1_256' title='bbox 389 3579 442 3633; x_wconf 90' lang='lat' dir='ltr'><strong>illis</strong></span> <span class='ocrx_word' id='word_1_257' title='bbox 454 3578 590 3648; x_wconf 91' lang='lat' dir='ltr'><strong>spiritibus</strong></span> <span class='ocrx_word' id='word_1_258' title='bbox 603 3577 691 3632; x_wconf 89' lang='lat' dir='ltr'><strong>dicata</strong></span> <span class='ocrx_word' id='word_1_259' title='bbox 705 3585 733 3632; x_wconf 90' lang='lat' dir='ltr'><strong>et</strong></span> <span class='ocrx_word' id='word_1_260' title='bbox 751 3577 855 3631; x_wconf 87' lang='lat' dir='ltr'><strong>subdita</strong></span> <span class='ocrx_word' id='word_1_261' title='bbox 869 3578 1025 3643; x_wconf 90' lang='lat' dir='ltr'><strong>simulacra,</strong></span> 
     </span>
     <span class='ocr_line' id='line_1_37' title="bbox 238 3669 1029 3739; baseline -0.001 -14"><span class='ocrx_word' id='word_1_262' title='bbox 238 3672 290 3726; x_wconf 89' lang='lat' dir='ltr'><strong>boc</strong></span> <span class='ocrx_word' id='word_1_263' title='bbox 307 3685 366 3726; x_wconf 87' lang='lat' dir='ltr'><strong>esse</strong></span> <span class='ocrx_word' id='word_1_264' title='bbox 379 3670 441 3724; x_wconf 90' lang='lat' dir='ltr'><strong>dicit</strong></span> <span class='ocrx_word' id='word_1_265' title='bbox 455 3670 519 3725; x_wconf 89' lang='lat' dir='ltr'><strong>deos</strong></span> <span class='ocrx_word' id='word_1_266' title='bbox 530 3669 634 3735; x_wconf 89' lang='lat' dir='ltr'><strong>lacere,</strong></span> <span class='ocrx_word' id='word_1_267' title='bbox 650 3684 762 3739; x_wconf 88' lang='lat' dir='ltr'><strong>eamque</strong></span> <span class='ocrx_word' id='word_1_268' title='bbox 776 3684 897 3738; x_wconf 82' lang='lat' dir='ltr'><strong>maguam</strong></span> <span class='ocrx_word' id='word_1_269' title='bbox 911 3681 938 3725; x_wconf 89' lang='lat' dir='ltr'><strong>et</strong></span> <span class='ocrx_word' id='word_1_270' title='bbox 950 3671 1029 3724; x_wconf 90' lang='lat' dir='ltr'><strong>mira-</strong></span> 
     </span>
     <span class='ocr_line' id='line_1_38' title="bbox 238 3760 1028 3830; baseline -0.001 -12"><span class='ocrx_word' id='word_1_271' title='bbox 238 3762 320 3818; x_wconf 87' lang='lat' dir='ltr'><strong>bilem</strong></span> <span class='ocrx_word' id='word_1_272' title='bbox 341 3761 406 3816; x_wconf 92' lang='lat' dir='ltr'><strong>deos</strong></span> <span class='ocrx_word' id='word_1_273' title='bbox 426 3760 540 3816; x_wconf 90' lang='lat' dir='ltr'><strong>lacieudi</strong></span> <span class='ocrx_word' id='word_1_274' title='bbox 561 3761 698 3829; x_wconf 85' lang='lat' dir='ltr'><strong>accepisse</strong></span> <span class='ocrx_word' id='word_1_275' title='bbox 718 3760 840 3816; x_wconf 90' lang='lat' dir='ltr'><strong>homiues</strong></span> <span class='ocrx_word' id='word_1_276' title='bbox 860 3770 1028 3830; x_wconf 74' lang='lat' dir='ltr'><strong>potestatemt</strong></span> 
     </span>
     <span class='ocr_line' id='line_1_39' title="bbox 239 3848 1030 3923; baseline -0.001 -17"><span class='ocrx_word' id='word_1_277' title='bbox 239 3851 324 3921; x_wconf 89' lang='lat' dir='ltr'><strong>llujos</strong></span> <span class='ocrx_word' id='word_1_278' title='bbox 335 3848 453 3923; x_wconf 81' lang='lat' dir='ltr'><strong>AEgyptii</strong></span> <span class='ocrx_word' id='word_1_279' title='bbox 467 3851 557 3917; x_wconf 86' lang='lat' dir='ltr'><strong>uerba,</strong></span> <span class='ocrx_word' id='word_1_280' title='bbox 572 3851 641 3905; x_wconf 92' lang='lat' dir='ltr'><strong>sicut</strong></span> <span class='ocrx_word' id='word_1_281' title='bbox 651 3850 677 3905; x_wconf 92' lang='lat' dir='ltr'><strong>in</strong></span> <span class='ocrx_word' id='word_1_282' title='bbox 691 3860 809 3905; x_wconf 89' lang='lat' dir='ltr'><strong>nostram</strong></span> <span class='ocrx_word' id='word_1_283' title='bbox 822 3850 937 3920; x_wconf 80' lang='lat' dir='ltr'><strong>linquam</strong></span> <span class='ocrx_word' id='word_1_284' title='bbox 949 3851 1030 3906; x_wconf 90' lang='lat' dir='ltr'><strong>inter·</strong></span> 
     </span>
     <span class='ocr_line' id='line_1_40' title="bbox 241 3941 1028 4014; baseline -0.003 -16"><span class='ocrx_word' id='word_1_285' title='bbox 241 3953 344 4012; x_wconf 85' lang='lat' dir='ltr'><strong>pretato</strong></span> <span class='ocrx_word' id='word_1_286' title='bbox 359 3952 438 4010; x_wconf 90' lang='lat' dir='ltr'><strong>sunt,</strong></span> <span class='ocrx_word' id='word_1_287' title='bbox 454 3958 551 4014; x_wconf 87' lang='lat' dir='ltr'><strong>portam</strong></span> <span class='ocrx_word' id='word_1_288' title='bbox 569 3942 617 4014; x_wconf 88' lang='lat' dir='ltr'><strong>(b).</strong></span> <span class='ocrx_word' id='word_1_289' title='bbox 636 3941 671 3997; x_wconf 78' lang='lat' dir='ltr'><strong>tit</strong></span> <span class='ocrx_word' id='word_1_290' title='bbox 689 3943 806 4013; x_wconf 82' lang='lat' dir='ltr'><strong>quoniam</strong></span> <span class='ocrx_word' id='word_1_291' title='bbox 820 3943 852 3995; x_wconf 83' lang='lat' dir='ltr'><strong>de</strong></span> <span class='ocrx_word' id='word_1_292' title='bbox 864 3945 1028 4013; x_wconf 81' lang='lat' dir='ltr'><strong>coquatiorte,</strong></span> 
     </span>
     <span class='ocr_line' id='line_1_41' title="bbox 240 4031 1031 4104; baseline -0.001 -17"><span class='ocrx_word' id='word_1_293' title='bbox 240 4032 336 4104; x_wconf 87' lang='lat' dir='ltr'><strong>iuquit,</strong></span> <span class='ocrx_word' id='word_1_294' title='bbox 354 4043 377 4086; x_wconf 87' lang='lat' dir='ltr'><strong>et</strong></span> <span class='ocrx_word' id='word_1_295' title='bbox 390 4034 515 4087; x_wconf 86' lang='lat' dir='ltr'><strong>consortia</strong></span> <span class='ocrx_word' id='word_1_296' title='bbox 528 4032 657 4087; x_wconf 85' lang='lat' dir='ltr'><strong>bominum</strong></span> <span class='ocrx_word' id='word_1_297' title='bbox 669 4031 820 4102; x_wconf 78' lang='lat' dir='ltr'><strong>dearumque</strong></span> <span class='ocrx_word' id='word_1_298' title='bbox 832 4032 903 4087; x_wconf 84' lang='lat' dir='ltr'><strong>stabis</strong></span> <span class='ocrx_word' id='word_1_299' title='bbox 912 4033 1031 4086; x_wconf 83' lang='lat' dir='ltr'><strong>indicitur</strong></span> 
     </span>
     <span class='ocr_line' id='line_1_42' title="bbox 239 4124 1029 4196; baseline 0.003 -18"><span class='ocrx_word' id='word_1_300' title='bbox 239 4141 333 4191; x_wconf 84' lang='lat' dir='ltr'><strong>serata,</strong></span> <span class='ocrx_word' id='word_1_301' title='bbox 349 4133 494 4195; x_wconf 82' lang='lat' dir='ltr'><strong>potestatem</strong></span> <span class='ocrx_word' id='word_1_302' title='bbox 505 4126 651 4191; x_wconf 82' lang='lat' dir='ltr'><strong>truncinis,ti</strong></span> <span class='ocrx_word' id='word_1_303' title='bbox 665 4124 774 4194; x_wconf 75' lang='lat' dir='ltr'><strong>Asclepi,</strong></span> <span class='ocrx_word' id='word_1_304' title='bbox 791 4126 888 4194; x_wconf 85' lang='lat' dir='ltr'><strong>uimque</strong></span> <span class='ocrx_word' id='word_1_305' title='bbox 898 4142 1029 4196; x_wconf 80' lang='lat' dir='ltr'><strong>coquasce.</strong></span> 
     </span>
     <span class='ocr_line' id='line_1_43' title="bbox 242 4213 1028 4286; baseline 0.001 -16"><span class='ocrx_word' id='word_1_306' title='bbox 242 4213 378 4282; x_wconf 84' lang='lat' dir='ltr'><strong>Dominus,</strong></span> <span class='ocrx_word' id='word_1_307' title='bbox 391 4216 485 4286; x_wconf 85' lang='lat' dir='ltr'><strong>inquit.</strong></span> <span class='ocrx_word' id='word_1_308' title='bbox 498 4227 521 4270; x_wconf 80' lang='lat' dir='ltr'><strong>ct</strong></span> <span class='ocrx_word' id='word_1_309' title='bbox 531 4216 620 4281; x_wconf 87' lang='lat' dir='ltr'><strong>Pater,</strong></span> <span class='ocrx_word' id='word_1_310' title='bbox 630 4217 668 4271; x_wconf 87' lang='lat' dir='ltr'><strong>uel</strong></span> <span class='ocrx_word' id='word_1_311' title='bbox 678 4217 745 4286; x_wconf 85' lang='lat' dir='ltr'><strong>quad</strong></span> <span class='ocrx_word' id='word_1_312' title='bbox 755 4227 791 4271; x_wconf 86' lang='lat' dir='ltr'><strong>est</strong></span> <span class='ocrx_word' id='word_1_313' title='bbox 802 4234 937 4281; x_wconf 86' lang='lat' dir='ltr'><strong>summunt,</strong></span> <span class='ocrx_word' id='word_1_314' title='bbox 952 4217 1028 4284; x_wconf 85' lang='lat' dir='ltr'><strong>Dens,</strong></span> 
     </span>
     <span class='ocr_line' id='line_1_44' title="bbox 240 4305 1032 4377; baseline 0.003 -16"><span class='ocrx_word' id='word_1_315' title='bbox 240 4317 269 4362; x_wconf 85' lang='grc' dir='ltr'><strong>ιιι</strong></span> <span class='ocrx_word' id='word_1_316' title='bbox 282 4305 386 4375; x_wconf 73' lang='lat' dir='ltr'><strong>effector</strong></span> <span class='ocrx_word' id='word_1_317' title='bbox 407 4318 442 4362; x_wconf 85' lang='lat' dir='ltr'><strong>ert</strong></span> <span class='ocrx_word' id='word_1_318' title='bbox 458 4308 561 4363; x_wconf 82' lang='lat' dir='ltr'><strong>dearum</strong></span> <span class='ocrx_word' id='word_1_319' title='bbox 576 4310 732 4376; x_wconf 78' lang='lat' dir='ltr'><strong>celestium,</strong></span> <span class='ocrx_word' id='word_1_320' title='bbox 747 4313 783 4363; x_wconf 89' lang='lat' dir='ltr'><strong>ita</strong></span> <span class='ocrx_word' id='word_1_321' title='bbox 806 4313 879 4363; x_wconf 86' lang='lat' dir='ltr'><strong>lrartta</strong></span> <span class='ocrx_word' id='word_1_322' title='bbox 902 4311 975 4377; x_wconf 73' lang='lat' dir='ltr'><strong>pictur</strong></span> <span class='ocrx_word' id='word_1_323' title='bbox 995 4323 1032 4363; x_wconf 86' lang='lat' dir='ltr'><strong>ert</strong></span> 
     </span>
     <span class='ocr_line' id='line_1_45' title="bbox 243 4399 1031 4470; baseline -0.003 -16"><span class='ocrx_word' id='word_1_324' title='bbox 243 4399 347 4454; x_wconf 80' lang='lat' dir='ltr'><strong>alcoram</strong></span> <span class='ocrx_word' id='word_1_325' title='bbox 359 4400 401 4470; x_wconf 88' lang='lat' dir='ltr'><strong>qni</strong></span> <span class='ocrx_word' id='word_1_326' title='bbox 422 4400 448 4452; x_wconf 87' lang='lat' dir='ltr'><strong>in</strong></span> <span class='ocrx_word' id='word_1_327' title='bbox 469 4400 568 4467; x_wconf 87' lang='lat' dir='ltr'><strong>templis</strong></span> <span class='ocrx_word' id='word_1_328' title='bbox 582 4408 640 4453; x_wconf 82' lang='lat' dir='ltr'><strong>sant</strong></span> <span class='ocrx_word' id='word_1_329' title='bbox 661 4400 772 4453; x_wconf 85' lang='lat' dir='ltr'><strong>lruntattct</strong></span> <span class='ocrx_word' id='word_1_330' title='bbox 795 4401 952 4469; x_wconf 76' lang='lat' dir='ltr'><strong>proximitate</strong></span> <span class='ocrx_word' id='word_1_331' title='bbox 970 4416 1031 4454; x_wconf 60' lang='lat' dir='ltr'><strong>cart*</strong></span> 
     </span>
     <span class='ocr_line' id='line_1_46' title="bbox 242 4488 1033 4560; baseline 0.001 -16"><span class='ocrx_word' id='word_1_332' title='bbox 242 4491 305 4545; x_wconf 87' lang='lat' dir='ltr'><strong>tenti</strong></span> <span class='ocrx_word' id='word_1_333' title='bbox 315 4489 336 4545; x_wconf 83' lang='lat'><strong>⁸.</strong></span> <span class='ocrx_word' id='word_1_334' title='bbox 351 4489 386 4544; x_wconf 80' lang='lat' dir='ltr'><strong>Et</strong></span> <span class='ocrx_word' id='word_1_335' title='bbox 407 4489 484 4558; x_wconf 88' lang='lat' dir='ltr'><strong>paulo</strong></span> <span class='ocrx_word' id='word_1_336' title='bbox 499 4498 559 4559; x_wconf 91' lang='lat' dir='ltr'><strong>post</strong></span> <span class='ocrx_word' id='word_1_337' title='bbox 579 4507 586 4544; x_wconf 91' lang='lat'><strong>:</strong></span> <span class='ocrx_word' id='word_1_338' title='bbox 603 4488 646 4542; x_wconf 86' lang='lat' dir='ltr'><strong>lto</strong></span> <span class='ocrx_word' id='word_1_339' title='bbox 660 4490 813 4553; x_wconf 88' lang='lat' dir='ltr'><strong>lrurtmnitos,</strong></span> <span class='ocrx_word' id='word_1_340' title='bbox 830 4491 924 4560; x_wconf 88' lang='lat' dir='ltr'><strong>inquit,</strong></span> <span class='ocrx_word' id='word_1_341' title='bbox 936 4507 1033 4560; x_wconf 87' lang='lat' dir='ltr'><strong>serttper</strong></span> 
     </span>
     <span class='ocr_line' id='line_1_47' title="bbox 243 4580 1032 4651; baseline -0.004 -13"><span class='ocrx_word' id='word_1_342' title='bbox 243 4599 339 4638; x_wconf 78' lang='lat' dir='ltr'><strong>meretoc</strong></span> <span class='ocrx_word' id='word_1_343' title='bbox 352 4592 449 4636; x_wconf 85' lang='lat' dir='ltr'><strong>notura</strong></span> <span class='ocrx_word' id='word_1_344' title='bbox 462 4591 485 4635; x_wconf 87' lang='lat' dir='ltr'><strong>et</strong></span> <span class='ocrx_word' id='word_1_345' title='bbox 501 4582 604 4651; x_wconf 83' lang='lat' dir='ltr'><strong>ariqinis</strong></span> <span class='ocrx_word' id='word_1_346' title='bbox 617 4580 689 4635; x_wconf 57' lang='lat' dir='ltr'><strong>cuceb</strong></span> <span class='ocrx_word' id='word_1_347' title='bbox 704 4581 730 4634; x_wconf 87' lang='lat' dir='ltr'><strong>in</strong></span> <span class='ocrx_word' id='word_1_348' title='bbox 751 4581 797 4634; x_wconf 89' lang='lat' dir='ltr'><strong>illa</strong></span> <span class='ocrx_word' id='word_1_349' title='bbox 816 4582 951 4636; x_wconf 85' lang='lat' dir='ltr'><strong>diairtitatis</strong></span> <span class='ocrx_word' id='word_1_350' title='bbox 971 4582 1032 4635; x_wconf 87' lang='lat' dir='ltr'><strong>iuti-</strong></span> 
     </span>
     <span class='ocr_line' id='line_1_48' title="bbox 244 4667 1034 4742; baseline -0.001 -16"><span class='ocrx_word' id='word_1_351' title='bbox 244 4672 338 4727; x_wconf 74' lang='lat' dir='ltr'><strong>urtone</strong></span> <span class='ocrx_word' id='word_1_352' title='bbox 352 4681 507 4742; x_wconf 84' lang='lat' dir='ltr'><strong>perscuerat,·</strong></span> <span class='ocrx_word' id='word_1_353' title='bbox 522 4678 548 4722; x_wconf 91' lang='lat' dir='ltr'><strong>ut</strong></span> <span class='ocrx_word' id='word_1_354' title='bbox 563 4669 636 4723; x_wconf 85' lang='lat' dir='ltr'><strong>sicuti</strong></span> <span class='ocrx_word' id='word_1_355' title='bbox 650 4667 728 4722; x_wconf 84' lang='lat' dir='ltr'><strong>Pater</strong></span> <span class='ocrx_word' id='word_1_356' title='bbox 741 4684 771 4722; x_wconf 88' lang='lat' dir='ltr'><strong>ac</strong></span> <span class='ocrx_word' id='word_1_357' title='bbox 792 4669 929 4735; x_wconf 86' lang='lat' dir='ltr'><strong>Dominus,</strong></span> <span class='ocrx_word' id='word_1_358' title='bbox 954 4679 981 4724; x_wconf 81' lang='grc' dir='ltr'><strong>ιιι</strong></span> <span class='ocrx_word' id='word_1_359' title='bbox 994 4672 1034 4726; x_wconf 89' lang='lat' dir='ltr'><strong>sal</strong></span> 
     </span>
    </p>
   </div>
   <div class='ocr_carea' id='block_1_4' title="bbox 216 4802 1039 5787">
    <p class='ocr_par' dir='ltr' id='par_1_4' title="bbox 216 4802 1039 5787">
     <span class='ocr_line' id='line_1_49' title="bbox 271 4802 1035 4880; baseline 0 -25"><span class='ocrx_word' id='word_1_360' title='bbox 271 4809 362 4880; x_wconf 58' lang='lat' dir='ltr'><strong>frou..</strong></span> <span class='ocrx_word' id='word_1_361' title='bbox 381 4818 436 4870; x_wconf 80' lang='lat' dir='ltr'><strong>qne</strong></span> <span class='ocrx_word' id='word_1_362' title='bbox 456 4802 680 4856; x_wconf 87' lang='lat' dir='ltr'><strong>:dissentientibus</strong></span> <span class='ocrx_word' id='word_1_363' title='bbox 694 4802 766 4853; x_wconf 87' lang='lat' dir='ltr'><strong>editis</strong></span> <span class='ocrx_word' id='word_1_364' title='bbox 786 4802 840 4854; x_wconf 87' lang='lat' dir='ltr'><strong>aliis</strong></span> <span class='ocrx_word' id='word_1_365' title='bbox 860 4810 887 4854; x_wconf 92' lang='lat' dir='ltr'><strong>et</strong></span> <span class='ocrx_word' id='word_1_366' title='bbox 904 4805 1035 4855; x_wconf 64' lang='lat' dir='ltr'><strong>morsos</strong></span> 
     </span>
     <span class='ocr_line' id='line_1_50' title="bbox 243 4875 806 5000; baseline -0.002 -23"><span class='ocrx_word' id='word_1_367' title='bbox 243 4875 550 5000; x_wconf 43' lang='lat' dir='ltr'><strong>bufuseottomoputari,</strong></span> <span class='ocrx_word' id='word_1_368' title='bbox 582 4935 610 4976; x_wconf 89' lang='lat' dir='ltr'><strong>tt.</strong></span> <span class='ocrx_word' id='word_1_369' title='bbox 734 4988 741 5000; x_wconf 36' lang='grc'><em>,</em></span> <span class='ocrx_word' id='word_1_370' title='bbox 799 4986 806 4999; x_wconf 44' lang='lat'><strong>·</strong></span> 
     </span>
     <span class='ocr_line' id='line_1_51' title="bbox 216 4987 1033 5052; baseline 0.001 -15"><span class='ocrx_word' id='word_1_371' title='bbox 216 5026 221 5044; x_wconf 77' lang='lat'><strong>,</strong></span> <span class='ocrx_word' id='word_1_372' title='bbox 276 4991 549 5052; x_wconf 70' lang='lat' dir='ltr'><strong>ttnrttatngnuercurtr</strong></span> <span class='ocrx_word' id='word_1_373' title='bbox 562 4987 814 5051; x_wconf 74' lang='lat' dir='ltr'><strong>asclepio,caayuncts.</strong></span> <span class='ocrx_word' id='word_1_374' title='bbox 1030 5042 1033 5046; x_wconf 17' lang='grc' dir='ltr'><strong>Α</strong></span> 
     </span>
     <span class='ocr_line' id='line_1_52' title="bbox 275 5047 1036 5114; baseline 0.003 -16"><span class='ocrx_word' id='word_1_375' title='bbox 275 5050 323 5099; x_wconf 70' lang='lat' dir='ltr'><strong>‘tn</strong></span> <span class='ocrx_word' id='word_1_376' title='bbox 335 5052 451 5114; x_wconf 82' lang='lat' dir='ltr'><strong>asclepio,</strong></span> <span class='ocrx_word' id='word_1_377' title='bbox 463 5063 556 5113; x_wconf 85' lang='lat' dir='ltr'><strong>setnpcr</strong></span> <span class='ocrx_word' id='word_1_378' title='bbox 567 5050 646 5101; x_wconf 84' lang='lat' dir='ltr'><strong>uicina</strong></span> <span class='ocrx_word' id='word_1_379' title='bbox 660 5057 754 5102; x_wconf 85' lang='lat' dir='ltr'><strong>nuttaoe</strong></span> <span class='ocrx_word' id='word_1_380' title='bbox 768 5056 791 5100; x_wconf 88' lang='lat' dir='ltr'><strong>et</strong></span> <span class='ocrx_word' id='word_1_381' title='bbox 801 5047 889 5113; x_wconf 68' lang='lat' dir='ltr'><strong>eripite</strong></span> <span class='ocrx_word' id='word_1_382' title='bbox 898 5060 958 5100; x_wconf 77' lang='lat' dir='ltr'><strong>sum.</strong></span> <span class='ocrx_word' id='word_1_383' title='bbox 969 5050 1036 5111; x_wconf 81' lang='lat' dir='ltr'><strong>tpud</strong></span> 
     </span>
     <span class='ocr_line' id='line_1_53' title="bbox 245 5109 1036 5176; baseline -0.001 -15"><span class='ocrx_word' id='word_1_384' title='bbox 245 5115 310 5171; x_wconf 70' lang='lat' dir='ltr'><strong>lar..</strong></span> <span class='ocrx_word' id='word_1_385' title='bbox 322 5123 514 5175; x_wconf 82' lang='lat' dir='ltr'><strong>sernpcrmentor</strong></span> <span class='ocrx_word' id='word_1_386' title='bbox 521 5111 632 5162; x_wconf 83' lang='lat' dir='ltr'><strong>ltmrtauoe</strong></span> <span class='ocrx_word' id='word_1_387' title='bbox 640 5118 762 5162; x_wconf 87' lang='lat' dir='ltr'><strong>uatnrceet</strong></span> <span class='ocrx_word' id='word_1_388' title='bbox 772 5111 871 5176; x_wconf 80' lang='lat' dir='ltr'><strong>ariqirtis</strong></span> <span class='ocrx_word' id='word_1_389' title='bbox 881 5123 942 5163; x_wconf 79' lang='lat' dir='ltr'><strong>sua.</strong></span> <span class='ocrx_word' id='word_1_390' title='bbox 954 5109 1036 5172; x_wconf 69' lang='lat' dir='ltr'><strong>abest,</strong></span> 
     </span>
     <span class='ocr_line' id='line_1_54' title="bbox 246 5173 825 5235; baseline -0.007 -11"><span class='ocrx_word' id='word_1_391' title='bbox 246 5173 364 5225; x_wconf 79' lang='lat' dir='ltr'><strong>bantana,</strong></span> <span class='ocrx_word' id='word_1_392' title='bbox 377 5186 390 5220; x_wconf 89' lang='lat' dir='ltr'><strong>a</strong></span> <span class='ocrx_word' id='word_1_393' title='bbox 402 5175 498 5222; x_wconf 77' lang='lat' dir='ltr'><strong>ceteris</strong></span> <span class='ocrx_word' id='word_1_394' title='bbox 509 5173 580 5223; x_wconf 90' lang='lat' dir='ltr'><strong>editis</strong></span> <span class='ocrx_word' id='word_1_395' title='bbox 592 5178 640 5222; x_wconf 90' lang='lat' dir='ltr'><strong>eta</strong></span> <span class='ocrx_word' id='word_1_396' title='bbox 650 5175 825 5235; x_wconf 84' lang='lat' dir='ltr'><strong>atauusoiptis.</strong></span> 
     </span>
     <span class='ocr_line' id='line_1_55' title="bbox 246 5232 1035 5344; baseline 0.004 -61"><span class='ocrx_word' id='word_1_397' title='bbox 246 5234 315 5344; x_wconf 46' lang='lat' dir='ltr'><strong>Hm?</strong></span> <span class='ocrx_word' id='word_1_398' title='bbox 329 5234 378 5283; x_wconf 88' lang='lat' dir='ltr'><strong>tid.</strong></span> <span class='ocrx_word' id='word_1_399' title='bbox 389 5241 450 5283; x_wconf 84' lang='lat' dir='ltr'><strong>taet.</strong></span> <span class='ocrx_word' id='word_1_400' title='bbox 462 5234 505 5285; x_wconf 86' lang='lat' dir='ltr'><strong>lib.</strong></span> <span class='ocrx_word' id='word_1_401' title='bbox 515 5237 527 5284; x_wconf 91' lang='grc' dir='ltr'>ι</span> <span class='ocrx_word' id='word_1_402' title='bbox 539 5237 624 5297; x_wconf 73' lang='lat' dir='ltr'><strong>tusut,</strong></span> <span class='ocrx_word' id='word_1_403' title='bbox 637 5247 691 5298; x_wconf 90' lang='lat' dir='ltr'><strong>cap.</strong></span> <span class='ocrx_word' id='word_1_404' title='bbox 703 5234 727 5296; x_wconf 85' lang='lat' dir='ltr'><strong>(i,</strong></span> <span class='ocrx_word' id='word_1_405' title='bbox 743 5242 769 5285; x_wconf 87' lang='lat' dir='ltr'><strong>et</strong></span> <span class='ocrx_word' id='word_1_406' title='bbox 780 5233 859 5298; x_wconf 78' lang='lat' dir='ltr'><strong>cyrill.</strong></span> <span class='ocrx_word' id='word_1_407' title='bbox 871 5240 936 5284; x_wconf 89' lang='lat' dir='ltr'><strong>oout.</strong></span> <span class='ocrx_word' id='word_1_408' title='bbox 948 5232 1035 5286; x_wconf 81' lang='lat' dir='ltr'><strong>autina.</strong></span> 
     </span>
     <span class='ocr_line' id='line_1_56' title="bbox 257 5310 327 5345; baseline -0.014 0"><span class='ocrx_word' id='word_1_409' title='bbox 257 5310 291 5345; x_wconf 91' lang='lat' dir='ltr'><strong>tt.</strong></span> <span class='ocrx_word' id='word_1_410' title='bbox 320 5331 327 5344; x_wconf 90' lang='lat'><em>.</em></span> 
     </span>
     <span class='ocr_line' id='line_1_57' title="bbox 280 5355 1037 5419; baseline 0 -14"><span class='ocrx_word' id='word_1_411' title='bbox 280 5356 314 5418; x_wconf 88' lang='lat' dir='ltr'><strong>(b)</strong></span> <span class='ocrx_word' id='word_1_412' title='bbox 328 5365 383 5411; x_wconf 81' lang='lat' dir='ltr'><strong>qum</strong></span> <span class='ocrx_word' id='word_1_413' title='bbox 395 5355 454 5402; x_wconf 69' lang='lat' dir='ltr'><strong>tuba</strong></span> <span class='ocrx_word' id='word_1_414' title='bbox 464 5355 535 5406; x_wconf 86' lang='lat' dir='ltr'><strong>allert</strong></span> <span class='ocrx_word' id='word_1_415' title='bbox 547 5358 700 5418; x_wconf 76' lang='lat' dir='ltr'><strong>burgastiuns,</strong></span> <span class='ocrx_word' id='word_1_416' title='bbox 715 5363 770 5407; x_wconf 87' lang='lat' dir='ltr'><strong>suut</strong></span> <span class='ocrx_word' id='word_1_417' title='bbox 783 5369 814 5406; x_wconf 87' lang='lat' dir='ltr'><strong>ex</strong></span> <span class='ocrx_word' id='word_1_418' title='bbox 826 5356 921 5419; x_wconf 79' lang='lat' dir='ltr'><strong>dialogo</strong></span> <span class='ocrx_word' id='word_1_419' title='bbox 935 5364 1037 5405; x_wconf 89' lang='lat' dir='ltr'><strong>tterme·</strong></span> 
     </span>
     <span class='ocr_line' id='line_1_58' title="bbox 247 5417 1039 5480; baseline -0.003 -12"><span class='ocrx_word' id='word_1_420' title='bbox 247 5419 280 5468; x_wconf 87' lang='lat' dir='ltr'><strong>tis</strong></span> <span class='ocrx_word' id='word_1_421' title='bbox 291 5417 366 5478; x_wconf 70' lang='lat' dir='ltr'><strong>nsoter</strong></span> <span class='ocrx_word' id='word_1_422' title='bbox 376 5418 407 5474; x_wconf 95' lang='lat' dir='ltr'><strong>io,</strong></span> <span class='ocrx_word' id='word_1_423' title='bbox 419 5418 461 5477; x_wconf 93' lang='lat' dir='ltr'><strong>qui</strong></span> <span class='ocrx_word' id='word_1_424' title='bbox 472 5418 503 5465; x_wconf 85' lang='lat' dir='ltr'><strong>alr</strong></span> <span class='ocrx_word' id='word_1_425' title='bbox 515 5417 614 5480; x_wconf 89' lang='lat' dir='ltr'><strong>ttpuleio</strong></span> <span class='ocrx_word' id='word_1_426' title='bbox 625 5420 772 5468; x_wconf 73' lang='lat' dir='ltr'><strong>madaurensi</strong></span> <span class='ocrx_word' id='word_1_427' title='bbox 789 5419 813 5465; x_wconf 91' lang='lat' dir='ltr'><strong>iu</strong></span> <span class='ocrx_word' id='word_1_428' title='bbox 826 5419 926 5468; x_wconf 90' lang='lat' dir='ltr'><strong>latinum</strong></span> <span class='ocrx_word' id='word_1_429' title='bbox 936 5431 1039 5468; x_wconf 85' lang='lat' dir='ltr'><strong>couter-</strong></span> 
     </span>
     <span class='ocr_line' id='line_1_59' title="bbox 231 5477 1039 5540; baseline 0.001 -15"><span class='ocrx_word' id='word_1_430' title='bbox 231 5479 236 5534; x_wconf 72' lang='lat' dir='ltr'>j</span> <span class='ocrx_word' id='word_1_431' title='bbox 247 5491 290 5528; x_wconf 83' lang='lat' dir='ltr'><strong>sus</strong></span> <span class='ocrx_word' id='word_1_432' title='bbox 299 5484 445 5540; x_wconf 77' lang='lat' dir='ltr'><strong>praenotatur</strong></span> <span class='ocrx_word' id='word_1_433' title='bbox 454 5491 460 5525; x_wconf 76' lang='grc' dir='ltr'>ε</span> <span class='ocrx_word' id='word_1_434' title='bbox 469 5477 513 5526; x_wconf 87' lang='lat' dir='ltr'><strong>setl</strong></span> <span class='ocrx_word' id='word_1_435' title='bbox 525 5479 617 5540; x_wconf 80' lang='lat' dir='ltr'><strong>apuleii</strong></span> <span class='ocrx_word' id='word_1_436' title='bbox 625 5478 731 5530; x_wconf 85' lang='lat' dir='ltr'><strong>latinitas</strong></span> <span class='ocrx_word' id='word_1_437' title='bbox 739 5482 771 5528; x_wconf 90' lang='lat' dir='ltr'><strong>ibi</strong></span> <span class='ocrx_word' id='word_1_438' title='bbox 781 5480 934 5530; x_wconf 83' lang='lat' dir='ltr'><strong>desideratur</strong></span> <span class='ocrx_word' id='word_1_439' title='bbox 942 5482 973 5528; x_wconf 89' lang='lat' dir='ltr'><strong>ab</strong></span> <span class='ocrx_word' id='word_1_440' title='bbox 982 5492 1039 5527; x_wconf 89' lang='lat' dir='ltr'><strong>eru·</strong></span> 
     </span>
     <span class='ocr_line' id='line_1_60' title="bbox 218 5538 1036 5604; baseline 0.002 -18"><span class='ocrx_word' id='word_1_441' title='bbox 218 5543 234 5602; x_wconf 60' lang='lat'><strong>„¹</strong></span> <span class='ocrx_word' id='word_1_442' title='bbox 248 5538 362 5588; x_wconf 79' lang='lat' dir='ltr'><strong>ditis-r</strong></span> <span class='ocrx_word' id='word_1_443' title='bbox 373 5541 453 5587; x_wconf 85' lang='lat' dir='ltr'><strong>oratio</strong></span> <span class='ocrx_word' id='word_1_444' title='bbox 464 5538 537 5599; x_wconf 84' lang='lat' dir='ltr'><strong>plane</strong></span> <span class='ocrx_word' id='word_1_445' title='bbox 546 5540 609 5588; x_wconf 87' lang='lat' dir='ltr'><strong>sicca</strong></span> <span class='ocrx_word' id='word_1_446' title='bbox 621 5547 648 5589; x_wconf 91' lang='lat' dir='ltr'><strong>et</strong></span> <span class='ocrx_word' id='word_1_447' title='bbox 657 5543 798 5604; x_wconf 82' lang='lat' dir='ltr'><strong>exsanguis,</strong></span> <span class='ocrx_word' id='word_1_448' title='bbox 810 5557 821 5586; x_wconf 80' lang='lat' dir='ltr'><strong>u</strong></span> <span class='ocrx_word' id='word_1_449' title='bbox 837 5542 914 5604; x_wconf 91' lang='lat' dir='ltr'><strong>inquit</strong></span> <span class='ocrx_word' id='word_1_450' title='bbox 925 5540 1036 5598; x_wconf 80' lang='lat' dir='ltr'><strong>tarelter,</strong></span> 
     </span>
     <span class='ocr_line' id='line_1_61' title="bbox 252 5600 1037 5663; baseline 0.006 -19"><span class='ocrx_word' id='word_1_451' title='bbox 252 5616 265 5644; x_wconf 78' lang='grc' dir='ltr'>ι</span> <span class='ocrx_word' id='word_1_452' title='bbox 278 5601 388 5661; x_wconf 87' lang='lat' dir='ltr'><strong>uilrilque</strong></span> <span class='ocrx_word' id='word_1_453' title='bbox 398 5600 478 5649; x_wconf 88' lang='lat' dir='ltr'><strong>sintilo</strong></span> <span class='ocrx_word' id='word_1_454' title='bbox 489 5600 584 5649; x_wconf 82' lang='lat' dir='ltr'><strong>balteus</strong></span> <span class='ocrx_word' id='word_1_455' title='bbox 595 5601 732 5663; x_wconf 81' lang='lat' dir='ltr'><strong>apuleiaum</strong></span> <span class='ocrx_word' id='word_1_456' title='bbox 744 5603 861 5660; x_wconf 89' lang='lat' dir='ltr'><strong>ubertati,</strong></span> <span class='ocrx_word' id='word_1_457' title='bbox 874 5609 1037 5659; x_wconf 83' lang='lat' dir='ltr'><strong>wentenum,</strong></span> 
     </span>
     <span class='ocr_line' id='line_1_62' title="bbox 253 5661 1039 5771; baseline 0.001 -60"><span class='ocrx_word' id='word_1_458' title='bbox 253 5662 420 5711; x_wconf 78' lang='lat' dir='ltr'><strong>teotradum</strong></span> <span class='ocrx_word' id='word_1_459' title='bbox 431 5661 540 5722; x_wconf 90' lang='lat' dir='ltr'><strong>aliosque</strong></span> <span class='ocrx_word' id='word_1_460' title='bbox 555 5662 644 5771; x_wconf 46' lang='lat' dir='ltr'><strong>rutubus</strong></span> <span class='ocrx_word' id='word_1_461' title='bbox 654 5664 761 5716; x_wconf 86' lang='lat' dir='ltr'><strong>eruditos</strong></span> <span class='ocrx_word' id='word_1_462' title='bbox 779 5663 883 5727; x_wconf 88' lang='lat' dir='ltr'><strong>tmpttlit,</strong></span> <span class='ocrx_word' id='word_1_463' title='bbox 901 5671 929 5716; x_wconf 91' lang='lat' dir='ltr'><strong>ut</strong></span> <span class='ocrx_word' id='word_1_464' title='bbox 940 5676 973 5714; x_wconf 81' lang='lat' dir='ltr'><strong>ex</strong></span> <span class='ocrx_word' id='word_1_465' title='bbox 986 5664 1039 5727; x_wconf 79' lang='lat' dir='ltr'><strong>cius</strong></span> 
     </span>
     <span class='ocr_line' id='line_1_63' title="bbox 251 5715 610 5787; baseline -0.006 -13"><span class='ocrx_word' id='word_1_466' title='bbox 251 5715 531 5787; x_wconf 60' lang='lat' dir='ltr'><strong>iscipusejteeroutn</strong></span> <span class='ocrx_word' id='word_1_467' title='bbox 582 5730 610 5772; x_wconf 87' lang='lat' dir='ltr'><strong>t.</strong></span> 
     </span>
    </p>
   </div>
   <div class='ocr_carea' id='block_1_5' title="bbox 744 273 1301 343">
    <p class='ocr_par' dir='ltr' id='par_1_5' title="bbox 744 273 1301 343">
     <span class='ocr_line' id='line_1_64' title="bbox 744 273 1301 343; baseline 0.007 -12"><span class='ocrx_word' id='word_1_468' title='bbox 744 275 788 331; x_wconf 79' lang='lat' dir='ltr'><strong>DE</strong></span> <span class='ocrx_word' id='word_1_469' title='bbox 807 273 966 332; x_wconf 74' lang='lat' dir='ltr'><strong>ctvtnlrtt</strong></span> <span class='ocrx_word' id='word_1_470' title='bbox 985 274 1051 343; x_wconf 83' lang='lat' dir='ltr'><strong>DEl,</strong></span> <span class='ocrx_word' id='word_1_471' title='bbox 1071 273 1101 331; x_wconf 90' lang='lat' dir='ltr'><strong>S.</strong></span> <span class='ocrx_word' id='word_1_472' title='bbox 1121 275 1301 336; x_wconf 83' lang='lat' dir='ltr'><strong>uouusrtttt</strong></span> 
     </span>
    </p>
   </div>
   <div class='ocr_carea' id='block_1_6' title="bbox 1792 274 1847 335">
    <p class='ocr_par' dir='ltr' id='par_1_6' title="bbox 1792 274 1847 335">
     <span class='ocr_line' id='line_1_65' title="bbox 1792 274 1847 335; baseline 0.036 -2"><span class='ocrx_word' id='word_1_473' title='bbox 1792 274 1847 335; x_wconf 73' lang='lat' dir='ltr'><strong>2lb</strong></span> 
     </span>
    </p>
   </div>
   <div class='ocr_carea' id='block_1_7' title="bbox 1064 388 1876 4676">
    <p class='ocr_par' dir='ltr' id='par_1_7' title="bbox 1064 388 1863 2105">
     <span class='ocr_line' id='line_1_66' title="bbox 1065 388 1850 464; baseline 0.01 -22"><span class='ocrx_word' id='word_1_474' title='bbox 1065 388 1159 445; x_wconf 86' lang='lat' dir='ltr'><strong>similes</strong></span> <span class='ocrx_word' id='word_1_475' title='bbox 1171 398 1270 459; x_wconf 82' lang='lat' dir='ltr'><strong>essem,</strong></span> <span class='ocrx_word' id='word_1_476' title='bbox 1285 390 1344 446; x_wconf 81' lang='lat' dir='ltr'><strong>deas</strong></span> <span class='ocrx_word' id='word_1_477' title='bbox 1362 391 1421 464; x_wconf 70' lang='lat' dir='ltr'><strong>fecit</strong></span> <span class='ocrx_word' id='word_1_478' title='bbox 1440 400 1559 460; x_wconf 81' lang='lat' dir='ltr'><strong>eternas,</strong></span> <span class='ocrx_word' id='word_1_479' title='bbox 1573 391 1609 446; x_wconf 90' lang='lat' dir='ltr'><strong>ita</strong></span> <span class='ocrx_word' id='word_1_480' title='bbox 1627 391 1770 449; x_wconf 85' lang='lat' dir='ltr'><strong>bumauittts</strong></span> <span class='ocrx_word' id='word_1_481' title='bbox 1788 397 1850 450; x_wconf 79' lang='lat' dir='ltr'><strong>deus</strong></span> 
     </span>
     <span class='ocr_line' id='line_1_67' title="bbox 1064 480 1848 552; baseline 0.009 -20"><span class='ocrx_word' id='word_1_482' title='bbox 1064 494 1124 534; x_wconf 90' lang='lat' dir='ltr'><strong>sttas</strong></span> <span class='ocrx_word' id='word_1_483' title='bbox 1138 495 1170 535; x_wconf 80' lang='lat' dir='ltr'><strong>ec</strong></span> <span class='ocrx_word' id='word_1_484' title='bbox 1181 481 1221 534; x_wconf 86' lang='lat' dir='ltr'><strong>cui</strong></span> <span class='ocrx_word' id='word_1_485' title='bbox 1235 480 1317 535; x_wconf 78' lang='lat' dir='ltr'><strong>culter</strong></span> <span class='ocrx_word' id='word_1_486' title='bbox 1335 481 1497 536; x_wconf 77' lang='lat' dir='ltr'><strong>similitudine</strong></span> <span class='ocrx_word' id='word_1_487' title='bbox 1510 481 1640 552; x_wconf 72' lang='lat' dir='ltr'><strong>fiquraret.</strong></span> <span class='ocrx_word' id='word_1_488' title='bbox 1656 481 1704 538; x_wconf 88' lang='lat' dir='ltr'><strong>llic</strong></span> <span class='ocrx_word' id='word_1_489' title='bbox 1714 496 1775 538; x_wconf 90' lang='lat' dir='ltr'><strong>cum</strong></span> <span class='ocrx_word' id='word_1_490' title='bbox 1794 485 1848 540; x_wconf 76' lang='lat' dir='ltr'><strong>As-</strong></span> 
     </span>
     <span class='ocr_line' id='line_1_68' title="bbox 1064 569 1850 644; baseline 0.009 -19"><span class='ocrx_word' id='word_1_491' title='bbox 1064 569 1175 639; x_wconf 89' lang='lat' dir='ltr'><strong>clepius,</strong></span> <span class='ocrx_word' id='word_1_492' title='bbox 1192 570 1225 625; x_wconf 90' lang='lat' dir='ltr'><strong>ad</strong></span> <span class='ocrx_word' id='word_1_493' title='bbox 1235 586 1312 642; x_wconf 89' lang='lat' dir='ltr'><strong>quem</strong></span> <span class='ocrx_word' id='word_1_494' title='bbox 1326 573 1440 627; x_wconf 84' lang='lat' dir='ltr'><strong>maxime</strong></span> <span class='ocrx_word' id='word_1_495' title='bbox 1453 573 1618 643; x_wconf 87' lang='lat' dir='ltr'><strong>loquebatur,</strong></span> <span class='ocrx_word' id='word_1_496' title='bbox 1632 574 1656 629; x_wconf 94' lang='lat' dir='ltr'><strong>ei</strong></span> <span class='ocrx_word' id='word_1_497' title='bbox 1670 574 1850 644; x_wconf 85' lang='lat' dir='ltr'><strong>respondisset</strong></span> 
     </span>
     <span class='ocr_line' id='line_1_69' title="bbox 1064 663 1847 737; baseline 0.01 -23"><span class='ocrx_word' id='word_1_498' title='bbox 1064 671 1144 732; x_wconf 91' lang='lat' dir='ltr'><strong>atque</strong></span> <span class='ocrx_word' id='word_1_499' title='bbox 1154 663 1274 729; x_wconf 84' lang='lat' dir='ltr'><strong>dixisset,</strong></span> <span class='ocrx_word' id='word_1_500' title='bbox 1288 663 1393 720; x_wconf 88' lang='lat' dir='ltr'><strong>Statuas</strong></span> <span class='ocrx_word' id='word_1_501' title='bbox 1405 664 1481 729; x_wconf 87' lang='lat' dir='ltr'><strong>dieis,</strong></span> <span class='ocrx_word' id='word_1_502' title='bbox 1493 678 1510 718; x_wconf 94' lang='lat' dir='ltr'><strong>o</strong></span> <span class='ocrx_word' id='word_1_503' title='bbox 1522 664 1711 737; x_wconf 76' lang='lat' dir='ltr'><strong>Trismepiste:</strong></span> <span class='ocrx_word' id='word_1_504' title='bbox 1726 675 1780 721; x_wconf 91' lang='lat' dir='ltr'><strong>tum</strong></span> <span class='ocrx_word' id='word_1_505' title='bbox 1794 666 1847 732; x_wconf 91' lang='lat' dir='ltr'><strong>ille,</strong></span> 
     </span>
     <span class='ocr_line' id='line_1_70' title="bbox 1065 751 1851 828; baseline 0.008 -20"><span class='ocrx_word' id='word_1_506' title='bbox 1065 751 1186 821; x_wconf 85' lang='lat' dir='ltr'><strong>Statuas,</strong></span> <span class='ocrx_word' id='word_1_507' title='bbox 1203 754 1305 825; x_wconf 89' lang='lat' dir='ltr'><strong>inquit,</strong></span> <span class='ocrx_word' id='word_1_508' title='bbox 1320 771 1334 810; x_wconf 90' lang='lat' dir='ltr'><strong>o</strong></span> <span class='ocrx_word' id='word_1_509' title='bbox 1348 754 1457 826; x_wconf 74' lang='lat' dir='ltr'><strong>Asclepi,</strong></span> <span class='ocrx_word' id='word_1_510' title='bbox 1470 754 1570 811; x_wconf 81' lang='lat' dir='ltr'><strong>videsne</strong></span> <span class='ocrx_word' id='word_1_511' title='bbox 1588 757 1597 790; x_wconf 89' lang='lat'><strong>¹</strong></span> <span class='ocrx_word' id='word_1_512' title='bbox 1618 766 1739 827; x_wconf 84' lang='lat' dir='ltr'><strong>qnatenus</strong></span> <span class='ocrx_word' id='word_1_513' title='bbox 1751 768 1778 811; x_wconf 90' lang='lat' dir='ltr'><strong>tu</strong></span> <span class='ocrx_word' id='word_1_514' title='bbox 1797 757 1851 828; x_wconf 84' lang='lat' dir='ltr'><strong>ipss</strong></span> 
     </span>
     <span class='ocr_line' id='line_1_71' title="bbox 1065 843 1847 921; baseline 0.012 -25"><span class='ocrx_word' id='word_1_515' title='bbox 1065 843 1181 915; x_wconf 75' lang='lat' dir='ltr'><strong>diffidas?</strong></span> <span class='ocrx_word' id='word_1_516' title='bbox 1195 854 1288 902; x_wconf 87' lang='lat' dir='ltr'><strong>statuas</strong></span> <span class='ocrx_word' id='word_1_517' title='bbox 1301 847 1425 902; x_wconf 84' lang='lat' dir='ltr'><strong>animatas</strong></span> <span class='ocrx_word' id='word_1_518' title='bbox 1436 863 1511 902; x_wconf 81' lang='lat' dir='ltr'><strong>sensu</strong></span> <span class='ocrx_word' id='word_1_519' title='bbox 1529 858 1553 903; x_wconf 88' lang='lat' dir='ltr'><strong>et</strong></span> <span class='ocrx_word' id='word_1_520' title='bbox 1572 849 1663 920; x_wconf 85' lang='lat' dir='ltr'><strong>spiritu</strong></span> <span class='ocrx_word' id='word_1_521' title='bbox 1674 851 1778 921; x_wconf 78' lang='lat' dir='ltr'><strong>plenas,</strong></span> <span class='ocrx_word' id='word_1_522' title='bbox 1791 859 1847 905; x_wconf 84' lang='lat' dir='ltr'><strong>tatr-</strong></span> 
     </span>
     <span class='ocr_line' id='line_1_72' title="bbox 1065 937 1850 1011; baseline 0.01 -24"><span class='ocrx_word' id='word_1_523' title='bbox 1065 942 1139 999; x_wconf 84' lang='lat' dir='ltr'><strong>teque</strong></span> <span class='ocrx_word' id='word_1_524' title='bbox 1160 938 1281 1008; x_wconf 73' lang='lat' dir='ltr'><strong>facientes</strong></span> <span class='ocrx_word' id='word_1_525' title='bbox 1299 946 1323 991; x_wconf 86' lang='lat' dir='ltr'><strong>et</strong></span> <span class='ocrx_word' id='word_1_526' title='bbox 1342 937 1421 1003; x_wconf 84' lang='lat' dir='ltr'><strong>telia,·</strong></span> <span class='ocrx_word' id='word_1_527' title='bbox 1434 946 1531 992; x_wconf 86' lang='lat' dir='ltr'><strong>statuas</strong></span> <span class='ocrx_word' id='word_1_528' title='bbox 1551 941 1692 1010; x_wconf 74' lang='lat' dir='ltr'><strong>suturarum</strong></span> <span class='ocrx_word' id='word_1_529' title='bbox 1714 941 1850 1011; x_wconf 77' lang='lat' dir='ltr'><strong>prescius,</strong></span> 
     </span>
     <span class='ocr_line' id='line_1_73' title="bbox 1067 1030 1854 1102; baseline 0.008 -21"><span class='ocrx_word' id='word_1_530' title='bbox 1067 1042 1145 1098; x_wconf 84' lang='lat' dir='ltr'><strong>eaque</strong></span> <span class='ocrx_word' id='word_1_531' title='bbox 1157 1037 1232 1093; x_wconf 84' lang='lat' dir='ltr'><strong>sorte,</strong></span> <span class='ocrx_word' id='word_1_532' title='bbox 1247 1037 1313 1096; x_wconf 85' lang='lat' dir='ltr'><strong>rate,</strong></span> <span class='ocrx_word' id='word_1_533' title='bbox 1326 1030 1446 1097; x_wconf 86' lang='lat' dir='ltr'><strong>somniis,</strong></span> <span class='ocrx_word' id='word_1_534' title='bbox 1459 1030 1592 1100; x_wconf 85' lang='lat' dir='ltr'><strong>multisque</strong></span> <span class='ocrx_word' id='word_1_535' title='bbox 1602 1031 1659 1086; x_wconf 89' lang='lat' dir='ltr'><strong>aliis</strong></span> <span class='ocrx_word' id='word_1_536' title='bbox 1672 1033 1746 1086; x_wconf 88' lang='lat' dir='ltr'><strong>rebus</strong></span> <span class='ocrx_word' id='word_1_537' title='bbox 1760 1033 1854 1102; x_wconf 80' lang='lat' dir='ltr'><strong>pradi-</strong></span> 
     </span>
     <span class='ocr_line' id='line_1_74' title="bbox 1066 1118 1856 1191; baseline 0.009 -20"><span class='ocrx_word' id='word_1_538' title='bbox 1066 1127 1146 1172; x_wconf 83' lang='lat' dir='ltr'><strong>centes</strong></span> <span class='ocrx_word' id='word_1_539' title='bbox 1157 1120 1187 1185; x_wconf 89' lang='lat'><strong>¹;</strong></span> <span class='ocrx_word' id='word_1_540' title='bbox 1203 1119 1384 1174; x_wconf 83' lang='lat' dir='ltr'><strong>inrbecillimtes</strong></span> <span class='ocrx_word' id='word_1_541' title='bbox 1398 1118 1540 1174; x_wconf 74' lang='lat' dir='ltr'><strong>bominibus</strong></span> <span class='ocrx_word' id='word_1_542' title='bbox 1553 1120 1688 1190; x_wconf 67' lang='lat' dir='ltr'><strong>incientes,</strong></span> <span class='ocrx_word' id='word_1_543' title='bbox 1701 1136 1792 1191; x_wconf 81' lang='lat' dir='ltr'><strong>easqse</strong></span> <span class='ocrx_word' id='word_1_544' title='bbox 1809 1138 1856 1177; x_wconf 79' lang='lat' dir='ltr'><strong>atc-</strong></span> 
     </span>
     <span class='ocr_line' id='line_1_75' title="bbox 1065 1211 1853 1284; baseline 0.001 -20"><span class='ocrx_word' id='word_1_545' title='bbox 1065 1221 1159 1277; x_wconf 85' lang='lat' dir='ltr'><strong>rentes,</strong></span> <span class='ocrx_word' id='word_1_546' title='bbox 1175 1211 1301 1265; x_wconf 84' lang='lat' dir='ltr'><strong>tristitiam</strong></span> <span class='ocrx_word' id='word_1_547' title='bbox 1313 1211 1473 1282; x_wconf 81' lang='lat' dir='ltr'><strong>letitiamque</strong></span> <span class='ocrx_word' id='word_1_548' title='bbox 1487 1211 1497 1244; x_wconf 82' lang='lat'><strong>³</strong></span> <span class='ocrx_word' id='word_1_549' title='bbox 1512 1213 1671 1283; x_wconf 74' lang='lat' dir='ltr'><strong>manseritis.</strong></span> <span class='ocrx_word' id='word_1_550' title='bbox 1687 1213 1728 1267; x_wconf 78' lang='lat' dir='ltr'><strong>Art</strong></span> <span class='ocrx_word' id='word_1_551' title='bbox 1740 1214 1853 1284; x_wconf 81' lang='lat' dir='ltr'><strong>iqrtaras,</strong></span> 
     </span>
     <span class='ocr_line' id='line_1_76' title="bbox 1065 1301 1855 1375; baseline 0.004 -21"><span class='ocrx_word' id='word_1_552' title='bbox 1065 1301 1194 1371; x_wconf 82' lang='lat' dir='ltr'><strong>eAsclepi</strong></span> <span class='ocrx_word' id='word_1_553' title='bbox 1203 1343 1211 1369; x_wconf 93' lang='lat'><strong>,</strong></span> <span class='ocrx_word' id='word_1_554' title='bbox 1227 1303 1293 1373; x_wconf 83' lang='lat' dir='ltr'><strong>quad</strong></span> <span class='ocrx_word' id='word_1_555' title='bbox 1308 1301 1441 1375; x_wconf 80' lang='lat' dir='ltr'><strong>AEqpptus</strong></span> <span class='ocrx_word' id='word_1_556' title='bbox 1457 1303 1540 1375; x_wconf 79' lang='lat' dir='ltr'><strong>imoqa</strong></span> <span class='ocrx_word' id='word_1_557' title='bbox 1564 1305 1596 1358; x_wconf 85' lang='lat' dir='ltr'><strong>sit</strong></span> <span class='ocrx_word' id='word_1_558' title='bbox 1612 1305 1668 1359; x_wconf 87' lang='lat' dir='ltr'><strong>coeli</strong></span> <span class='ocrx_word' id='word_1_559' title='bbox 1676 1321 1686 1370; x_wconf 87' lang='lat'><strong>‚·</strong></span> <span class='ocrx_word' id='word_1_560' title='bbox 1707 1314 1766 1371; x_wconf 84' lang='lat' dir='ltr'><strong>ont,</strong></span> <span class='ocrx_word' id='word_1_561' title='bbox 1787 1306 1855 1374; x_wconf 85' lang='lat' dir='ltr'><strong>quod</strong></span> 
     </span>
     <span class='ocr_line' id='line_1_77' title="bbox 1065 1393 1859 1467; baseline 0.004 -20"><span class='ocrx_word' id='word_1_562' title='bbox 1065 1401 1102 1448; x_wconf 85' lang='lat' dir='ltr'><strong>est</strong></span> <span class='ocrx_word' id='word_1_563' title='bbox 1114 1393 1206 1461; x_wconf 83' lang='lat' dir='ltr'><strong>nerim,</strong></span> <span class='ocrx_word' id='word_1_564' title='bbox 1220 1394 1352 1449; x_wconf 77' lang='lat' dir='ltr'><strong>translatio</strong></span> <span class='ocrx_word' id='word_1_565' title='bbox 1363 1403 1407 1448; x_wconf 89' lang='lat' dir='ltr'><strong>aut</strong></span> <span class='ocrx_word' id='word_1_566' title='bbox 1420 1393 1546 1449; x_wconf 78' lang='lat' dir='ltr'><strong>descensio</strong></span> <span class='ocrx_word' id='word_1_567' title='bbox 1559 1396 1670 1449; x_wconf 79' lang='lat' dir='ltr'><strong>cranium</strong></span> <span class='ocrx_word' id='word_1_568' title='bbox 1688 1411 1746 1466; x_wconf 80' lang='lat' dir='ltr'><strong>qttoe</strong></span> <span class='ocrx_word' id='word_1_569' title='bbox 1764 1394 1859 1467; x_wconf 60' lang='lat' dir='ltr'><strong>putea</strong></span> 
     </span>
     <span class='ocr_line' id='line_1_78' title="bbox 1066 1484 1857 1569; baseline 0.001 -32"><span class='ocrx_word' id='word_1_570' title='bbox 1066 1493 1160 1537; x_wconf 82' lang='lat' dir='ltr'><strong>nentur</strong></span> <span class='ocrx_word' id='word_1_571' title='bbox 1174 1492 1248 1554; x_wconf 84' lang='lat' dir='ltr'><strong>atque</strong></span> <span class='ocrx_word' id='word_1_572' title='bbox 1259 1494 1404 1538; x_wconf 81' lang='lat' dir='ltr'><strong>eaerceutttr</strong></span> <span class='ocrx_word' id='word_1_573' title='bbox 1415 1484 1443 1538; x_wconf 84' lang='lat' dir='ltr'><strong>in</strong></span> <span class='ocrx_word' id='word_1_574' title='bbox 1462 1486 1543 1551; x_wconf 84' lang='lat' dir='ltr'><strong>coelo,·</strong></span> <span class='ocrx_word' id='word_1_575' title='bbox 1557 1501 1587 1539; x_wconf 87' lang='lat' dir='ltr'><strong>ac</strong></span> <span class='ocrx_word' id='word_1_576' title='bbox 1607 1485 1631 1540; x_wconf 87' lang='lat' dir='ltr'><strong>si</strong></span> <span class='ocrx_word' id='word_1_577' title='bbox 1646 1485 1780 1540; x_wconf 81' lang='lat' dir='ltr'><strong>dicendum</strong></span> <span class='ocrx_word' id='word_1_578' title='bbox 1800 1494 1857 1569; x_wconf 56' lang='lat' dir='ltr'><strong>est,</strong></span> 
     </span>
     <span class='ocr_line' id='line_1_79' title="bbox 1066 1575 1854 1646; baseline 0.004 -18"><span class='ocrx_word' id='word_1_579' title='bbox 1066 1575 1150 1630; x_wconf 80' lang='lat' dir='ltr'><strong>aerim</strong></span> <span class='ocrx_word' id='word_1_580' title='bbox 1162 1582 1229 1630; x_wconf 85' lang='lat' dir='ltr'><strong>terra</strong></span> <span class='ocrx_word' id='word_1_581' title='bbox 1241 1585 1327 1630; x_wconf 82' lang='lat' dir='ltr'><strong>nostra</strong></span> <span class='ocrx_word' id='word_1_582' title='bbox 1341 1575 1430 1630; x_wconf 75' lang='lat' dir='ltr'><strong>arnadi</strong></span> <span class='ocrx_word' id='word_1_583' title='bbox 1437 1577 1511 1631; x_wconf 79' lang='lat' dir='ltr'><strong>ratim</strong></span> <span class='ocrx_word' id='word_1_584' title='bbox 1524 1584 1560 1630; x_wconf 89' lang='lat' dir='ltr'><strong>est</strong></span> <span class='ocrx_word' id='word_1_585' title='bbox 1571 1575 1707 1646; x_wconf 79' lang='lat' dir='ltr'><strong>tentpluml</strong></span> <span class='ocrx_word' id='word_1_586' title='bbox 1717 1576 1751 1631; x_wconf 81' lang='lat' dir='ltr'><strong>lt‘t</strong></span> <span class='ocrx_word' id='word_1_587' title='bbox 1760 1585 1854 1640; x_wconf 83' lang='lat' dir='ltr'><strong>tamen,</strong></span> 
     </span>
     <span class='ocr_line' id='line_1_80' title="bbox 1067 1666 1859 1739; baseline 0.005 -19"><span class='ocrx_word' id='word_1_588' title='bbox 1067 1666 1186 1735; x_wconf 79' lang='lat' dir='ltr'><strong>qreui‘snt</strong></span> <span class='ocrx_word' id='word_1_589' title='bbox 1200 1668 1417 1737; x_wconf 80' lang='lat' dir='ltr'><strong>prescirectmcta</strong></span> <span class='ocrx_word' id='word_1_590' title='bbox 1440 1666 1589 1739; x_wconf 77' lang='lat' dir='ltr'><strong>prudentem</strong></span> <span class='ocrx_word' id='word_1_591' title='bbox 1610 1668 1698 1736; x_wconf 82' lang='lat' dir='ltr'><strong>decet,</strong></span> <span class='ocrx_word' id='word_1_592' title='bbox 1724 1670 1793 1724; x_wconf 76' lang='lat' dir='ltr'><strong>istud</strong></span> <span class='ocrx_word' id='word_1_593' title='bbox 1815 1685 1859 1724; x_wconf 87' lang='lat' dir='ltr'><strong>sos</strong></span> 
     </span>
     <span class='ocr_line' id='line_1_81' title="bbox 1068 1757 1860 1830; baseline 0.003 -20"><span class='ocrx_word' id='word_1_594' title='bbox 1068 1757 1184 1830; x_wconf 72' lang='lat' dir='ltr'><strong>iqrtcrare</strong></span> <span class='ocrx_word' id='word_1_595' title='bbox 1203 1760 1242 1830; x_wconf 79' lang='lat' dir='ltr'><strong>{as</strong></span> <span class='ocrx_word' id='word_1_596' title='bbox 1260 1772 1312 1813; x_wconf 89' lang='lat' dir='ltr'><strong>non</strong></span> <span class='ocrx_word' id='word_1_597' title='bbox 1327 1767 1364 1813; x_wconf 87' lang='lat' dir='ltr'><strong>est</strong></span> <span class='ocrx_word' id='word_1_598' title='bbox 1377 1774 1387 1812; x_wconf 91' lang='lat'><strong>.·</strong></span> <span class='ocrx_word' id='word_1_599' title='bbox 1400 1757 1528 1813; x_wconf 80' lang='lat' dir='ltr'><strong>Futurum</strong></span> <span class='ocrx_word' id='word_1_600' title='bbox 1550 1767 1647 1829; x_wconf 80' lang='lat' dir='ltr'><strong>tempus</strong></span> <span class='ocrx_word' id='word_1_601' title='bbox 1671 1767 1708 1813; x_wconf 87' lang='lat' dir='ltr'><strong>est</strong></span> <span class='ocrx_word' id='word_1_602' title='bbox 1719 1799 1727 1826; x_wconf 94' lang='lat'><strong>,</strong></span> <span class='ocrx_word' id='word_1_603' title='bbox 1740 1773 1790 1830; x_wconf 83' lang='lat' dir='ltr'><strong>que</strong></span> <span class='ocrx_word' id='word_1_604' title='bbox 1812 1774 1860 1828; x_wconf 87' lang='lat' dir='ltr'><strong>ap·</strong></span> 
     </span>
     <span class='ocr_line' id='line_1_82' title="bbox 1069 1845 1860 1921; baseline 0.001 -18"><span class='ocrx_word' id='word_1_605' title='bbox 1069 1857 1156 1919; x_wconf 83' lang='lat' dir='ltr'><strong>pareat</strong></span> <span class='ocrx_word' id='word_1_606' title='bbox 1169 1845 1308 1921; x_wconf 74' lang='lat' dir='ltr'><strong>AEqyptias</strong></span> <span class='ocrx_word' id='word_1_607' title='bbox 1317 1864 1443 1905; x_wconf 80' lang='lat' dir='ltr'><strong>incessum</strong></span> <span class='ocrx_word' id='word_1_608' title='bbox 1458 1851 1591 1921; x_wconf 76' lang='lat' dir='ltr'><strong>plantetur</strong></span> <span class='ocrx_word' id='word_1_609' title='bbox 1604 1849 1758 1904; x_wconf 83' lang='lat' dir='ltr'><strong>diuinitatem</strong></span> <span class='ocrx_word' id='word_1_610' title='bbox 1770 1849 1860 1904; x_wconf 83' lang='lat' dir='ltr'><strong>sedula</strong></span> 
     </span>
     <span class='ocr_line' id='line_1_83' title="bbox 1069 1940 1863 2013; baseline 0.005 -19"><span class='ocrx_word' id='word_1_611' title='bbox 1069 1940 1188 2013; x_wconf 80' lang='lat' dir='ltr'><strong>reliqione</strong></span> <span class='ocrx_word' id='word_1_612' title='bbox 1209 1953 1318 1997; x_wconf 84' lang='lat' dir='ltr'><strong>sectasse</strong></span> <span class='ocrx_word' id='word_1_613' title='bbox 1335 1940 1347 1974; x_wconf 75' lang='lat'>⁸</span> <span class='ocrx_word' id='word_1_614' title='bbox 1367 1951 1389 1996; x_wconf 89' lang='lat' dir='ltr'><strong>ct</strong></span> <span class='ocrx_word' id='word_1_615' title='bbox 1415 1943 1495 1997; x_wconf 82' lang='lat' dir='ltr'><strong>omnis</strong></span> <span class='ocrx_word' id='word_1_616' title='bbox 1517 1958 1604 1998; x_wconf 83' lang='lat' dir='ltr'><strong>casum</strong></span> <span class='ocrx_word' id='word_1_617' title='bbox 1626 1952 1713 1999; x_wconf 87' lang='lat' dir='ltr'><strong>sancta</strong></span> <span class='ocrx_word' id='word_1_618' title='bbox 1735 1943 1863 1999; x_wconf 79' lang='lat' dir='ltr'><strong>emeratis</strong></span> 
     </span>
     <span class='ocr_line' id='line_1_84' title="bbox 1070 2032 1508 2105; baseline 0.002 -19"><span class='ocrx_word' id='word_1_619' title='bbox 1070 2033 1097 2087; x_wconf 87' lang='lat' dir='ltr'><strong>itt</strong></span> <span class='ocrx_word' id='word_1_620' title='bbox 1107 2032 1205 2086; x_wconf 83' lang='lat' dir='ltr'><strong>irritem</strong></span> <span class='ocrx_word' id='word_1_621' title='bbox 1218 2042 1307 2087; x_wconf 79' lang='lat' dir='ltr'><strong>casoro</strong></span> <span class='ocrx_word' id='word_1_622' title='bbox 1319 2033 1508 2105; x_wconf 50' lang='lat' dir='ltr'><strong>frustrabitur&amp;</strong></span> 
     </span>
    </p>

    <p class='ocr_par' dir='ltr' id='par_1_8' title="bbox 1071 2121 1876 4575">
     <span class='ocr_line' id='line_1_85' title="bbox 1105 2121 1861 2179; baseline 0.003 -3"><span class='ocrx_word' id='word_1_623' title='bbox 1105 2122 1133 2177; x_wconf 73' lang='lat'><strong>2.</strong></span> <span class='ocrx_word' id='word_1_624' title='bbox 1148 2121 1248 2179; x_wconf 85' lang='lat' dir='ltr'><strong>Deinde</strong></span> <span class='ocrx_word' id='word_1_625' title='bbox 1271 2124 1361 2178; x_wconf 89' lang='lat' dir='ltr'><strong>maltis</strong></span> <span class='ocrx_word' id='word_1_626' title='bbox 1384 2123 1472 2178; x_wconf 89' lang='lat' dir='ltr'><strong>uerbis</strong></span> <span class='ocrx_word' id='word_1_627' title='bbox 1494 2121 1607 2179; x_wconf 90' lang='lat' dir='ltr'><strong>llermes</strong></span> <span class='ocrx_word' id='word_1_628' title='bbox 1622 2121 1692 2177; x_wconf 90' lang='lat' dir='ltr'><strong>bunc</strong></span> <span class='ocrx_word' id='word_1_629' title='bbox 1711 2121 1800 2178; x_wconf 92' lang='lat' dir='ltr'><strong>locum</strong></span> <span class='ocrx_word' id='word_1_630' title='bbox 1813 2137 1861 2178; x_wconf 83' lang='lat' dir='ltr'><strong>ex-</strong></span> 
     </span>
     <span class='ocr_line' id='line_1_86' title="bbox 1071 2212 1863 2286; baseline 0 -17"><span class='ocrx_word' id='word_1_631' title='bbox 1071 2215 1208 2286; x_wconf 88' lang='lat' dir='ltr'><strong>sequitur,</strong></span> <span class='ocrx_word' id='word_1_632' title='bbox 1230 2212 1256 2270; x_wconf 92' lang='lat' dir='ltr'><strong>lu</strong></span> <span class='ocrx_word' id='word_1_633' title='bbox 1267 2229 1319 2286; x_wconf 95' lang='lat' dir='ltr'><strong>quo</strong></span> <span class='ocrx_word' id='word_1_634' title='bbox 1334 2213 1439 2270; x_wconf 87' lang='lat' dir='ltr'><strong>ridetur</strong></span> <span class='ocrx_word' id='word_1_635' title='bbox 1451 2213 1502 2269; x_wconf 86' lang='lat' dir='ltr'><strong>luae</strong></span> <span class='ocrx_word' id='word_1_636' title='bbox 1512 2222 1616 2285; x_wconf 90' lang='lat' dir='ltr'><strong>tempus</strong></span> <span class='ocrx_word' id='word_1_637' title='bbox 1630 2214 1789 2284; x_wconf 85' lang='lat' dir='ltr'><strong>predicere,</strong></span> <span class='ocrx_word' id='word_1_638' title='bbox 1808 2225 1863 2285; x_wconf 89' lang='lat' dir='ltr'><strong>qua</strong></span> 
     </span>
     <span class='ocr_line' id='line_1_87' title="bbox 1072 2307 1861 2379; baseline 0 -17"><span class='ocrx_word' id='word_1_639' title='bbox 1072 2308 1215 2362; x_wconf 81' lang='lat' dir='ltr'><strong>christiana</strong></span> <span class='ocrx_word' id='word_1_640' title='bbox 1230 2307 1333 2379; x_wconf 80' lang='lat' dir='ltr'><strong>religio,</strong></span> <span class='ocrx_word' id='word_1_641' title='bbox 1347 2314 1446 2378; x_wconf 88' lang='lat' dir='ltr'><strong>quanto</strong></span> <span class='ocrx_word' id='word_1_642' title='bbox 1458 2314 1500 2361; x_wconf 81' lang='lat' dir='ltr'><strong>est</strong></span> <span class='ocrx_word' id='word_1_643' title='bbox 1511 2307 1630 2361; x_wconf 85' lang='lat' dir='ltr'><strong>veracior</strong></span> <span class='ocrx_word' id='word_1_644' title='bbox 1643 2315 1721 2377; x_wconf 89' lang='lat' dir='ltr'><strong>atque</strong></span> <span class='ocrx_word' id='word_1_645' title='bbox 1735 2308 1861 2375; x_wconf 90' lang='lat' dir='ltr'><strong>sanctior,</strong></span> 
     </span>
     <span class='ocr_line' id='line_1_88' title="bbox 1074 2395 1863 2465; baseline 0.003 -13"><span class='ocrx_word' id='word_1_646' title='bbox 1074 2407 1147 2454; x_wconf 88' lang='lat' dir='ltr'><strong>tatrto</strong></span> <span class='ocrx_word' id='word_1_647' title='bbox 1161 2397 1344 2453; x_wconf 81' lang='lat' dir='ltr'><strong>uehementius</strong></span> <span class='ocrx_word' id='word_1_648' title='bbox 1354 2405 1382 2452; x_wconf 86' lang='lat' dir='ltr'><strong>et</strong></span> <span class='ocrx_word' id='word_1_649' title='bbox 1391 2397 1501 2452; x_wconf 90' lang='lat' dir='ltr'><strong>liberius</strong></span> <span class='ocrx_word' id='word_1_650' title='bbox 1511 2404 1606 2450; x_wconf 89' lang='lat' dir='ltr'><strong>cuncta</strong></span> <span class='ocrx_word' id='word_1_651' title='bbox 1620 2395 1723 2450; x_wconf 86' lang='lat' dir='ltr'><strong>lallaeia</strong></span> <span class='ocrx_word' id='word_1_652' title='bbox 1737 2396 1863 2465; x_wconf 80' lang='lat' dir='ltr'><strong>ligmenttt</strong></span> 
     </span>
     <span class='ocr_line' id='line_1_89' title="bbox 1073 2485 1864 2560; baseline -0.005 -15"><span class='ocrx_word' id='word_1_653' title='bbox 1073 2490 1218 2555; x_wconf 79' lang='lat' dir='ltr'><strong>subuertit3</strong></span> <span class='ocrx_word' id='word_1_654' title='bbox 1233 2498 1262 2543; x_wconf 95' lang='lat' dir='ltr'><strong>ut</strong></span> <span class='ocrx_word' id='word_1_655' title='bbox 1273 2487 1356 2560; x_wconf 76' lang='lat' dir='ltr'><strong>qratia</strong></span> <span class='ocrx_word' id='word_1_656' title='bbox 1366 2487 1497 2543; x_wconf 77' lang='lat' dir='ltr'><strong>rarissimi</strong></span> <span class='ocrx_word' id='word_1_657' title='bbox 1512 2485 1655 2542; x_wconf 83' lang='lat' dir='ltr'><strong>Salvatoris</strong></span> <span class='ocrx_word' id='word_1_658' title='bbox 1668 2485 1765 2541; x_wconf 89' lang='lat' dir='ltr'><strong>liberet</strong></span> <span class='ocrx_word' id='word_1_659' title='bbox 1775 2486 1864 2541; x_wconf 87' lang='lat' dir='ltr'><strong>lromi-</strong></span> 
     </span>
     <span class='ocr_line' id='line_1_90' title="bbox 1074 2576 1865 2650; baseline 0 -17"><span class='ocrx_word' id='word_1_660' title='bbox 1074 2594 1134 2634; x_wconf 92' lang='lat' dir='ltr'><strong>nem</strong></span> <span class='ocrx_word' id='word_1_661' title='bbox 1152 2579 1185 2633; x_wconf 91' lang='lat' dir='ltr'><strong>ab</strong></span> <span class='ocrx_word' id='word_1_662' title='bbox 1198 2580 1237 2634; x_wconf 89' lang='lat' dir='ltr'><strong>eis</strong></span> <span class='ocrx_word' id='word_1_663' title='bbox 1249 2579 1301 2634; x_wconf 90' lang='lat' dir='ltr'><strong>diis</strong></span> <span class='ocrx_word' id='word_1_664' title='bbox 1316 2592 1382 2650; x_wconf 93' lang='lat' dir='ltr'><strong>quos</strong></span> <span class='ocrx_word' id='word_1_665' title='bbox 1404 2577 1466 2633; x_wconf 89' lang='lat' dir='ltr'><strong>lacit</strong></span> <span class='ocrx_word' id='word_1_666' title='bbox 1481 2577 1577 2644; x_wconf 89' lang='lat' dir='ltr'><strong>burno,</strong></span> <span class='ocrx_word' id='word_1_667' title='bbox 1591 2584 1618 2631; x_wconf 89' lang='lat' dir='ltr'><strong>et</strong></span> <span class='ocrx_word' id='word_1_668' title='bbox 1627 2576 1651 2632; x_wconf 94' lang='lat' dir='ltr'><strong>ei</strong></span> <span class='ocrx_word' id='word_1_669' title='bbox 1665 2576 1719 2632; x_wconf 85' lang='lat' dir='ltr'><strong>Deo</strong></span> <span class='ocrx_word' id='word_1_670' title='bbox 1728 2576 1827 2632; x_wconf 88' lang='lat' dir='ltr'><strong>subdat</strong></span> <span class='ocrx_word' id='word_1_671' title='bbox 1848 2592 1865 2633; x_wconf 87' lang='lat' dir='ltr'><strong>a</strong></span> 
     </span>
     <span class='ocr_line' id='line_1_91' title="bbox 1074 2665 1864 2740; baseline -0.003 -17"><span class='ocrx_word' id='word_1_672' title='bbox 1074 2684 1127 2740; x_wconf 96' lang='lat' dir='ltr'><strong>quo</strong></span> <span class='ocrx_word' id='word_1_673' title='bbox 1141 2671 1225 2724; x_wconf 89' lang='lat' dir='ltr'><strong>lactus</strong></span> <span class='ocrx_word' id='word_1_674' title='bbox 1239 2667 1379 2724; x_wconf 85' lang='lat' dir='ltr'><strong>esthemo.</strong></span> <span class='ocrx_word' id='word_1_675' title='bbox 1394 2665 1446 2724; x_wconf 88' lang='lat' dir='ltr'><strong>Sed</strong></span> <span class='ocrx_word' id='word_1_676' title='bbox 1459 2665 1568 2722; x_wconf 88' lang='lat' dir='ltr'><strong>llermes</strong></span> <span class='ocrx_word' id='word_1_677' title='bbox 1577 2707 1584 2732; x_wconf 90' lang='lat'><strong>,</strong></span> <span class='ocrx_word' id='word_1_678' title='bbox 1594 2681 1653 2720; x_wconf 89' lang='lat' dir='ltr'><strong>curu</strong></span> <span class='ocrx_word' id='word_1_679' title='bbox 1668 2665 1716 2719; x_wconf 90' lang='lat' dir='ltr'><strong>ista</strong></span> <span class='ocrx_word' id='word_1_680' title='bbox 1727 2665 1864 2736; x_wconf 81' lang='lat' dir='ltr'><strong>praedicit,</strong></span> 
     </span>
     <span class='ocr_line' id='line_1_92' title="bbox 1073 2754 1865 2828; baseline -0.003 -13"><span class='ocrx_word' id='word_1_681' title='bbox 1073 2754 1145 2817; x_wconf 78' lang='lat' dir='ltr'><strong>velut</strong></span> <span class='ocrx_word' id='word_1_682' title='bbox 1159 2760 1260 2815; x_wconf 87' lang='lat' dir='ltr'><strong>amicus</strong></span> <span class='ocrx_word' id='word_1_683' title='bbox 1270 2759 1370 2815; x_wconf 89' lang='lat' dir='ltr'><strong>eisdem</strong></span> <span class='ocrx_word' id='word_1_684' title='bbox 1381 2757 1603 2813; x_wconf 81' lang='lat' dir='ltr'><strong>ludificationibus</strong></span> <span class='ocrx_word' id='word_1_685' title='bbox 1616 2756 1767 2811; x_wconf 81' lang='lat' dir='ltr'><strong>(lentorum</strong></span> <span class='ocrx_word' id='word_1_686' title='bbox 1780 2755 1865 2828; x_wconf 89' lang='lat' dir='ltr'><strong>loqui·</strong></span> 
     </span>
     <span class='ocr_line' id='line_1_93' title="bbox 1076 2846 1866 2919; baseline -0.005 -12"><span class='ocrx_word' id='word_1_687' title='bbox 1076 2861 1128 2919; x_wconf 91' lang='lat' dir='ltr'><strong>tur,</strong></span> <span class='ocrx_word' id='word_1_688' title='bbox 1142 2867 1192 2907; x_wconf 91' lang='lat' dir='ltr'><strong>uec</strong></span> <span class='ocrx_word' id='word_1_689' title='bbox 1206 2850 1378 2907; x_wconf 87' lang='lat' dir='ltr'><strong>christianum</strong></span> <span class='ocrx_word' id='word_1_690' title='bbox 1400 2863 1497 2904; x_wconf 89' lang='lat' dir='ltr'><strong>nomen</strong></span> <span class='ocrx_word' id='word_1_691' title='bbox 1511 2847 1649 2902; x_wconf 83' lang='lat' dir='ltr'><strong>evidenter</strong></span> <span class='ocrx_word' id='word_1_692' title='bbox 1661 2846 1802 2916; x_wconf 80' lang='lat' dir='ltr'><strong>exprimit;</strong></span> <span class='ocrx_word' id='word_1_693' title='bbox 1818 2846 1866 2903; x_wconf 86' lang='lat' dir='ltr'><strong>sed</strong></span> 
     </span>
     <span class='ocr_line' id='line_1_94' title="bbox 1076 2935 1866 3014; baseline -0.009 -16"><span class='ocrx_word' id='word_1_694' title='bbox 1076 2935 1866 3014; x_wconf 83' lang='lat' dir='ltr'><strong>tanquameatollerenturatquedele&#39;rentur,quorumobser·</strong></span> 
     </span>
     <span class='ocr_line' id='line_1_95' title="bbox 1074 3027 1867 3101; baseline -0.008 -11"><span class='ocrx_word' id='word_1_695' title='bbox 1074 3036 1180 3091; x_wconf 86' lang='lat' dir='ltr'><strong>ratione</strong></span> <span class='ocrx_word' id='word_1_696' title='bbox 1190 3034 1307 3090; x_wconf 77' lang='lat' dir='ltr'><strong>celestis</strong></span> <span class='ocrx_word' id='word_1_697' title='bbox 1319 3029 1647 3087; x_wconf 90' lang='lat' dir='ltr'><strong>similitudocustodiretur</strong></span> <span class='ocrx_word' id='word_1_698' title='bbox 1657 3029 1684 3083; x_wconf 93' lang='lat' dir='ltr'><strong>iu</strong></span> <span class='ocrx_word' id='word_1_699' title='bbox 1692 3027 1819 3101; x_wconf 76' lang='lat' dir='ltr'><strong>AEgypto,</strong></span> <span class='ocrx_word' id='word_1_700' title='bbox 1830 3027 1867 3084; x_wconf 83' lang='lat' dir='ltr'><strong>ita</strong></span> 
     </span>
     <span class='ocr_line' id='line_1_96' title="bbox 1076 3119 1867 3197; baseline -0.011 -14"><span class='ocrx_word' id='word_1_701' title='bbox 1076 3128 1133 3184; x_wconf 77' lang='lat' dir='ltr'><strong>lrec</strong></span> <span class='ocrx_word' id='word_1_702' title='bbox 1145 3127 1230 3184; x_wconf 89' lang='lat' dir='ltr'><strong>lutura</strong></span> <span class='ocrx_word' id='word_1_703' title='bbox 1240 3126 1391 3197; x_wconf 89' lang='lat' dir='ltr'><strong>deplorans,</strong></span> <span class='ocrx_word' id='word_1_704' title='bbox 1400 3124 1519 3179; x_wconf 88' lang='lat' dir='ltr'><strong>luctuosa</strong></span> <span class='ocrx_word' id='word_1_705' title='bbox 1531 3119 1724 3194; x_wconf 88' lang='lat' dir='ltr'><strong>quodammodo</strong></span> <span class='ocrx_word' id='word_1_706' title='bbox 1738 3119 1867 3190; x_wconf 68' lang='lat' dir='ltr'><strong>praedica-⁶</strong></span> 
     </span>
     <span class='ocr_line' id='line_1_97' title="bbox 1077 3213 1869 3287; baseline -0.014 -10"><span class='ocrx_word' id='word_1_707' title='bbox 1077 3223 1149 3278; x_wconf 89' lang='lat' dir='ltr'><strong>tione</strong></span> <span class='ocrx_word' id='word_1_708' title='bbox 1159 3229 1280 3277; x_wconf 88' lang='lat' dir='ltr'><strong>testatur.</strong></span> <span class='ocrx_word' id='word_1_709' title='bbox 1290 3219 1353 3275; x_wconf 88' lang='lat' dir='ltr'><strong>Erat</strong></span> <span class='ocrx_word' id='word_1_710' title='bbox 1361 3218 1431 3273; x_wconf 91' lang='lat' dir='ltr'><strong>enim</strong></span> <span class='ocrx_word' id='word_1_711' title='bbox 1442 3216 1475 3272; x_wconf 89' lang='lat' dir='ltr'><strong>de</strong></span> <span class='ocrx_word' id='word_1_712' title='bbox 1483 3217 1534 3281; x_wconf 86' lang='lat' dir='ltr'><strong>luis,</strong></span> <span class='ocrx_word' id='word_1_713' title='bbox 1543 3215 1576 3270; x_wconf 92' lang='lat' dir='ltr'><strong>de</strong></span> <span class='ocrx_word' id='word_1_714' title='bbox 1584 3214 1678 3287; x_wconf 92' lang='lat' dir='ltr'><strong>quibus</strong></span> <span class='ocrx_word' id='word_1_715' title='bbox 1684 3213 1869 3283; x_wconf 66' lang='lat' dir='ltr'><strong>dtcttnpostua</strong></span> 
     </span>
     <span class='ocr_line' id='line_1_98' title="bbox 1076 3301 1868 3385; baseline -0.015 -17"><span class='ocrx_word' id='word_1_716' title='bbox 1076 3313 1128 3380; x_wconf 90' lang='lat' dir='ltr'><strong>las,</strong></span> <span class='ocrx_word' id='word_1_717' title='bbox 1138 3305 1485 3385; x_wconf 72' lang='lat' dir='ltr'><strong>quodcoqnascentsslleum,</strong></span> <span class='ocrx_word' id='word_1_718' title='bbox 1494 3301 1868 3374; x_wconf 74' lang='lat' dir='ltr'><strong>nausicatllenmplarificatre-</strong></span> 
     </span>
     <span class='ocr_line' id='line_1_99' title="bbox 1076 3395 1870 3475; baseline -0.014 -14"><span class='ocrx_word' id='word_1_719' title='bbox 1076 3414 1146 3472; x_wconf 88' lang='lat' dir='ltr'><strong>runt,</strong></span> <span class='ocrx_word' id='word_1_720' title='bbox 1161 3412 1206 3459; x_wconf 87' lang='lat' dir='ltr'><strong>aut</strong></span> <span class='ocrx_word' id='word_1_721' title='bbox 1223 3404 1319 3475; x_wconf 79' lang='lat' dir='ltr'><strong>pretias</strong></span> <span class='ocrx_word' id='word_1_722' title='bbox 1343 3409 1464 3474; x_wconf 67' lang='lat' dir='ltr'><strong>eperunt:</strong></span> <span class='ocrx_word' id='word_1_723' title='bbox 1477 3398 1521 3454; x_wconf 85' lang='lat' dir='ltr'><strong>sed</strong></span> <span class='ocrx_word' id='word_1_724' title='bbox 1534 3403 1685 3453; x_wconf 85' lang='lat' dir='ltr'><strong>evanuerunt</strong></span> <span class='ocrx_word' id='word_1_725' title='bbox 1699 3396 1725 3449; x_wconf 88' lang='lat' dir='ltr'><strong>in</strong></span> <span class='ocrx_word' id='word_1_726' title='bbox 1739 3395 1870 3466; x_wconf 75' lang='lat' dir='ltr'><strong>capitatio-</strong></span> 
     </span>
     <span class='ocr_line' id='line_1_100' title="bbox 1078 3485 1869 3563; baseline -0.014 -11"><span class='ocrx_word' id='word_1_727' title='bbox 1078 3496 1151 3552; x_wconf 83' lang='lat' dir='ltr'><strong>nibus</strong></span> <span class='ocrx_word' id='word_1_728' title='bbox 1166 3495 1235 3563; x_wconf 85' lang='lat' dir='ltr'><strong>sto‘s,</strong></span> <span class='ocrx_word' id='word_1_729' title='bbox 1251 3501 1274 3550; x_wconf 86' lang='lat' dir='ltr'><strong>ct</strong></span> <span class='ocrx_word' id='word_1_730' title='bbox 1287 3492 1447 3548; x_wconf 84' lang='lat' dir='ltr'><strong>obscuratum</strong></span> <span class='ocrx_word' id='word_1_731' title='bbox 1461 3497 1498 3546; x_wconf 86' lang='lat' dir='ltr'><strong>est</strong></span> <span class='ocrx_word' id='word_1_732' title='bbox 1511 3489 1631 3560; x_wconf 84' lang='lat' dir='ltr'><strong>iusipiens</strong></span> <span class='ocrx_word' id='word_1_733' title='bbox 1649 3503 1692 3542; x_wconf 90' lang='lat' dir='ltr'><strong>cor</strong></span> <span class='ocrx_word' id='word_1_734' title='bbox 1704 3502 1790 3541; x_wconf 85' lang='lat' dir='ltr'><strong>eornm</strong></span> <span class='ocrx_word' id='word_1_735' title='bbox 1804 3500 1813 3540; x_wconf 89' lang='lat'>:</span> <span class='ocrx_word' id='word_1_736' title='bbox 1828 3485 1869 3541; x_wconf 81' lang='lat' dir='ltr'><strong>dt-</strong></span> 
     </span>
     <span class='ocr_line' id='line_1_101' title="bbox 1079 3577 1871 3655; baseline -0.019 -11"><span class='ocrx_word' id='word_1_737' title='bbox 1079 3598 1160 3645; x_wconf 86' lang='lat' dir='ltr'><strong>centcs</strong></span> <span class='ocrx_word' id='word_1_738' title='bbox 1173 3588 1239 3643; x_wconf 85' lang='lat' dir='ltr'><strong>enim</strong></span> <span class='ocrx_word' id='word_1_739' title='bbox 1252 3602 1278 3641; x_wconf 87' lang='lat' dir='ltr'><strong>se</strong></span> <span class='ocrx_word' id='word_1_740' title='bbox 1291 3601 1344 3641; x_wconf 84' lang='lat' dir='ltr'><strong>ests</strong></span> <span class='ocrx_word' id='word_1_741' title='bbox 1356 3583 1491 3655; x_wconf 85' lang='lat' dir='ltr'><strong>sapientes,</strong></span> <span class='ocrx_word' id='word_1_742' title='bbox 1504 3578 1575 3636; x_wconf 91' lang='lat' dir='ltr'><strong>stulti</strong></span> <span class='ocrx_word' id='word_1_743' title='bbox 1589 3581 1648 3652; x_wconf 70' lang='lat' dir='ltr'><strong>sacti</strong></span> <span class='ocrx_word' id='word_1_744' title='bbox 1658 3587 1731 3645; x_wconf 85' lang='lat' dir='ltr'><strong>suut,·</strong></span> <span class='ocrx_word' id='word_1_745' title='bbox 1744 3586 1768 3633; x_wconf 87' lang='lat' dir='ltr'><strong>et</strong></span> <span class='ocrx_word' id='word_1_746' title='bbox 1778 3577 1871 3631; x_wconf 83' lang='lat' dir='ltr'><strong>imatu-</strong></span> 
     </span>
     <span class='ocr_line' id='line_1_102' title="bbox 1080 3669 1871 3752; baseline -0.015 -17"><span class='ocrx_word' id='word_1_747' title='bbox 1080 3680 1307 3752; x_wconf 80' lang='lat' dir='ltr'><strong>tueeruntqlasiam</strong></span> <span class='ocrx_word' id='word_1_748' title='bbox 1316 3677 1458 3746; x_wconf 85' lang='lat' dir='ltr'><strong>incarrapti</strong></span> <span class='ocrx_word' id='word_1_749' title='bbox 1464 3669 1513 3730; x_wconf 86' lang='lat' dir='ltr'><strong>Dei</strong></span> <span class='ocrx_word' id='word_1_750' title='bbox 1521 3671 1745 3728; x_wconf 77' lang='lat' dir='ltr'><strong>imsimilitudinem</strong></span> <span class='ocrx_word' id='word_1_751' title='bbox 1752 3669 1871 3739; x_wconf 77' lang='lat' dir='ltr'><strong>imoqinis</strong></span> 
     </span>
     <span class='ocr_line' id='line_1_103' title="bbox 1082 3762 1872 3840; baseline -0.016 -13"><span class='ocrx_word' id='word_1_752' title='bbox 1082 3769 1252 3840; x_wconf 76' lang='lat' dir='ltr'><strong>comuptibilis</strong></span> <span class='ocrx_word' id='word_1_753' title='bbox 1266 3768 1373 3822; x_wconf 85' lang='lat' dir='ltr'><strong>beminis</strong></span> <span class='ocrx_word' id='word_1_754' title='bbox 1383 3767 1393 3838; x_wconf 90' lang='grc'>(</span> <span class='ocrx_word' id='word_1_755' title='bbox 1403 3765 1478 3821; x_wconf 83' lang='lat' dir='ltr'><strong>Rutu.</strong></span> <span class='ocrx_word' id='word_1_756' title='bbox 1489 3780 1508 3829; x_wconf 92' lang='lat' dir='ltr'><strong>t,</strong></span> <span class='ocrx_word' id='word_1_757' title='bbox 1521 3762 1622 3835; x_wconf 72' lang='lat' dir='ltr'><strong>stab)</strong></span> <span class='ocrx_word' id='word_1_758' title='bbox 1634 3779 1641 3816; x_wconf 90' lang='lat'>:</span> <span class='ocrx_word' id='word_1_759' title='bbox 1655 3771 1682 3818; x_wconf 91' lang='lat' dir='ltr'><strong>et</strong></span> <span class='ocrx_word' id='word_1_760' title='bbox 1695 3769 1801 3824; x_wconf 81' lang='lat' dir='ltr'><strong>ctetera,</strong></span> <span class='ocrx_word' id='word_1_761' title='bbox 1811 3775 1872 3831; x_wconf 75' lang='lat' dir='ltr'><strong>que</strong></span> 
     </span>
     <span class='ocr_line' id='line_1_104' title="bbox 1080 3848 1873 3930; baseline -0.018 -12"><span class='ocrx_word' id='word_1_762' title='bbox 1080 3871 1290 3918; x_wconf 86' lang='lat' dir='ltr'><strong>commemorare</strong></span> <span class='ocrx_word' id='word_1_763' title='bbox 1304 3861 1409 3930; x_wconf 77' lang='lat' dir='ltr'><strong>longum</strong></span> <span class='ocrx_word' id='word_1_764' title='bbox 1418 3865 1467 3912; x_wconf 90' lang='lat' dir='ltr'><strong>est.</strong></span> <span class='ocrx_word' id='word_1_765' title='bbox 1483 3855 1562 3911; x_wconf 86' lang='lat' dir='ltr'><strong>blnltu</strong></span> <span class='ocrx_word' id='word_1_766' title='bbox 1576 3853 1672 3922; x_wconf 92' lang='lat' dir='ltr'><strong>quippe</strong></span> <span class='ocrx_word' id='word_1_767' title='bbox 1687 3850 1748 3906; x_wconf 91' lang='lat' dir='ltr'><strong>talia</strong></span> <span class='ocrx_word' id='word_1_768' title='bbox 1760 3849 1825 3905; x_wconf 89' lang='lat' dir='ltr'><strong>dicit</strong></span> <span class='ocrx_word' id='word_1_769' title='bbox 1838 3848 1873 3905; x_wconf 87' lang='lat' dir='ltr'><strong>do</strong></span> 
     </span>
     <span class='ocr_line' id='line_1_105' title="bbox 1081 3940 1872 4016; baseline -0.015 -6"><span class='ocrx_word' id='word_1_770' title='bbox 1081 3970 1137 4011; x_wconf 94' lang='lat' dir='ltr'><strong>uno</strong></span> <span class='ocrx_word' id='word_1_771' title='bbox 1149 3970 1213 4009; x_wconf 84' lang='lat' dir='ltr'><strong>vero</strong></span> <span class='ocrx_word' id='word_1_772' title='bbox 1226 3954 1279 4008; x_wconf 82' lang='lat' dir='ltr'><strong>lieu</strong></span> <span class='ocrx_word' id='word_1_773' title='bbox 1289 3942 1446 4008; x_wconf 74' lang='lat' dir='ltr'><strong>fabricatore</strong></span> <span class='ocrx_word' id='word_1_774' title='bbox 1456 3946 1558 4010; x_wconf 92' lang='lat' dir='ltr'><strong>mundi,</strong></span> <span class='ocrx_word' id='word_1_775' title='bbox 1569 3943 1656 4016; x_wconf 86' lang='lat' dir='ltr'><strong>qualia</strong></span> <span class='ocrx_word' id='word_1_776' title='bbox 1665 3943 1763 3999; x_wconf 86' lang='lat' dir='ltr'><strong>raritas</strong></span> <span class='ocrx_word' id='word_1_777' title='bbox 1772 3940 1872 3998; x_wconf 88' lang='lat' dir='ltr'><strong>babet:</strong></span> 
     </span>
     <span class='ocr_line' id='line_1_106' title="bbox 1083 4028 1874 4114; baseline -0.02 -11"><span class='ocrx_word' id='word_1_778' title='bbox 1083 4056 1111 4103; x_wconf 92' lang='lat' dir='ltr'><strong>ct</strong></span> <span class='ocrx_word' id='word_1_779' title='bbox 1123 4046 1214 4102; x_wconf 89' lang='lat' dir='ltr'><strong>nescio</strong></span> <span class='ocrx_word' id='word_1_780' title='bbox 1222 4043 1355 4114; x_wconf 92' lang='lat' dir='ltr'><strong>quomodo</strong></span> <span class='ocrx_word' id='word_1_781' title='bbox 1368 4041 1413 4097; x_wconf 92' lang='lat' dir='ltr'><strong>illa</strong></span> <span class='ocrx_word' id='word_1_782' title='bbox 1423 4035 1608 4095; x_wconf 86' lang='lat' dir='ltr'><strong>obscuratione</strong></span> <span class='ocrx_word' id='word_1_783' title='bbox 1620 4032 1709 4090; x_wconf 90' lang='lat' dir='ltr'><strong>cordis</strong></span> <span class='ocrx_word' id='word_1_784' title='bbox 1717 4033 1751 4088; x_wconf 84' lang='lat' dir='ltr'><strong>ad</strong></span> <span class='ocrx_word' id='word_1_785' title='bbox 1764 4032 1815 4087; x_wconf 91' lang='lat' dir='ltr'><strong>ista</strong></span> <span class='ocrx_word' id='word_1_786' title='bbox 1826 4028 1874 4087; x_wconf 87' lang='lat' dir='ltr'><strong>de·</strong></span> 
     </span>
     <span class='ocr_line' id='line_1_107' title="bbox 1083 4120 1873 4204; baseline -0.022 -11"><span class='ocrx_word' id='word_1_787' title='bbox 1083 4138 1201 4204; x_wconf 88' lang='lat' dir='ltr'><strong>labltur,</strong></span> <span class='ocrx_word' id='word_1_788' title='bbox 1220 4143 1250 4190; x_wconf 90' lang='lat' dir='ltr'><strong>ut</strong></span> <span class='ocrx_word' id='word_1_789' title='bbox 1273 4133 1324 4189; x_wconf 89' lang='lat' dir='ltr'><strong>diis</strong></span> <span class='ocrx_word' id='word_1_790' title='bbox 1337 4145 1403 4203; x_wconf 95' lang='lat' dir='ltr'><strong>quos</strong></span> <span class='ocrx_word' id='word_1_791' title='bbox 1417 4129 1557 4186; x_wconf 83' lang='lat' dir='ltr'><strong>confutetur</strong></span> <span class='ocrx_word' id='word_1_792' title='bbox 1577 4126 1611 4181; x_wconf 92' lang='lat' dir='ltr'><strong>ab</strong></span> <span class='ocrx_word' id='word_1_793' title='bbox 1633 4122 1785 4179; x_wconf 86' lang='lat' dir='ltr'><strong>hominibus</strong></span> <span class='ocrx_word' id='word_1_794' title='bbox 1797 4120 1873 4189; x_wconf 87' lang='lat' dir='ltr'><strong>lieri,</strong></span> 
     </span>
     <span class='ocr_line' id='line_1_108' title="bbox 1084 4213 1874 4299; baseline -0.02 -13"><span class='ocrx_word' id='word_1_795' title='bbox 1084 4243 1190 4299; x_wconf 89' lang='lat' dir='ltr'><strong>semper</strong></span> <span class='ocrx_word' id='word_1_796' title='bbox 1208 4227 1271 4282; x_wconf 86' lang='lat' dir='ltr'><strong>velit</strong></span> <span class='ocrx_word' id='word_1_797' title='bbox 1284 4224 1406 4280; x_wconf 84' lang='lat' dir='ltr'><strong>homiues</strong></span> <span class='ocrx_word' id='word_1_798' title='bbox 1420 4221 1515 4287; x_wconf 90' lang='lat' dir='ltr'><strong>subdi,</strong></span> <span class='ocrx_word' id='word_1_799' title='bbox 1530 4215 1558 4275; x_wconf 77' lang='lat' dir='ltr'><strong>e&#39;t</strong></span> <span class='ocrx_word' id='word_1_800' title='bbox 1580 4213 1638 4273; x_wconf 85' lang='lat' dir='ltr'><strong>haec</strong></span> <span class='ocrx_word' id='word_1_801' title='bbox 1650 4216 1740 4273; x_wconf 90' lang='lat' dir='ltr'><strong>lutura</strong></span> <span class='ocrx_word' id='word_1_802' title='bbox 1754 4225 1874 4285; x_wconf 85' lang='lat' dir='ltr'><strong>tempore</strong></span> 
     </span>
     <span class='ocr_line' id='line_1_109' title="bbox 1084 4302 1873 4394; baseline -0.02 -18"><span class='ocrx_word' id='word_1_803' title='bbox 1084 4322 1193 4394; x_wconf 78' lang='lat' dir='ltr'><strong>plangat</strong></span> <span class='ocrx_word' id='word_1_804' title='bbox 1203 4317 1311 4373; x_wconf 82' lang='lat' dir='ltr'><strong>auferri.</strong></span> <span class='ocrx_word' id='word_1_805' title='bbox 1326 4314 1405 4383; x_wconf 86' lang='lat' dir='ltr'><strong>Quasi</strong></span> <span class='ocrx_word' id='word_1_806' title='bbox 1415 4312 1557 4383; x_wconf 84' lang='lat' dir='ltr'><strong>quidquam</strong></span> <span class='ocrx_word' id='word_1_807' title='bbox 1568 4302 1605 4365; x_wconf 63' lang='lat' dir='ltr'><strong>slt&#39;</strong></span> <span class='ocrx_word' id='word_1_808' title='bbox 1613 4306 1743 4364; x_wconf 82' lang='lat' dir='ltr'><strong>infelicius</strong></span> <span class='ocrx_word' id='word_1_809' title='bbox 1753 4303 1873 4373; x_wconf 89' lang='lat' dir='ltr'><strong>bomine,</strong></span> 
     </span>
     <span class='ocr_line' id='line_1_110' title="bbox 1085 4398 1876 4480; baseline -0.021 -11"><span class='ocrx_word' id='word_1_810' title='bbox 1085 4414 1128 4469; x_wconf 88' lang='lat' dir='ltr'><strong>cui</strong></span> <span class='ocrx_word' id='word_1_811' title='bbox 1154 4426 1202 4466; x_wconf 88' lang='lat' dir='ltr'><strong>sua</strong></span> <span class='ocrx_word' id='word_1_812' title='bbox 1225 4406 1534 4480; x_wconf 78' lang='lat' dir='ltr'><strong>llqmentadominautur</strong></span> <span class='ocrx_word' id='word_1_813' title='bbox 1550 4415 1632 4457; x_wconf 90' lang='lat' dir='ltr'><strong>:cum</strong></span> <span class='ocrx_word' id='word_1_814' title='bbox 1653 4399 1687 4455; x_wconf 89' lang='lat' dir='ltr'><strong>sit</strong></span> <span class='ocrx_word' id='word_1_815' title='bbox 1707 4398 1827 4466; x_wconf 76' lang='lat' dir='ltr'><strong>facilius,</strong></span> <span class='ocrx_word' id='word_1_816' title='bbox 1846 4398 1876 4453; x_wconf 87' lang='lat' dir='ltr'><strong>ul</strong></span> 
     </span>
     <span class='ocr_line' id='line_1_111' title="bbox 1084 4486 1876 4575; baseline -0.02 -15"><span class='ocrx_word' id='word_1_817' title='bbox 1084 4515 1209 4575; x_wconf 90' lang='lat' dir='ltr'><strong>tanquam</strong></span> <span class='ocrx_word' id='word_1_818' title='bbox 1222 4501 1287 4557; x_wconf 89' lang='lat' dir='ltr'><strong>deos</strong></span> <span class='ocrx_word' id='word_1_819' title='bbox 1298 4497 1419 4566; x_wconf 87' lang='lat' dir='ltr'><strong>colendo,</strong></span> <span class='ocrx_word' id='word_1_820' title='bbox 1433 4511 1499 4568; x_wconf 93' lang='lat' dir='ltr'><strong>quos</strong></span> <span class='ocrx_word' id='word_1_821' title='bbox 1512 4493 1582 4561; x_wconf 82' lang='lat' dir='ltr'><strong>ierit,</strong></span> <span class='ocrx_word' id='word_1_822' title='bbox 1597 4504 1647 4548; x_wconf 91' lang='lat' dir='ltr'><strong>nec</strong></span> <span class='ocrx_word' id='word_1_823' title='bbox 1658 4491 1714 4562; x_wconf 88' lang='lat' dir='ltr'><strong>ipse</strong></span> <span class='ocrx_word' id='word_1_824' title='bbox 1727 4490 1763 4545; x_wconf 89' lang='lat' dir='ltr'><strong>sit</strong></span> <span class='ocrx_word' id='word_1_825' title='bbox 1774 4486 1876 4544; x_wconf 76' lang='lat' dir='ltr'><strong>borno·</strong></span> 
     </span>
    </p>

    <p class='ocr_par' dir='ltr' id='par_1_9' title="bbox 1117 4603 1876 4676">
     <span class='ocr_line' id='line_1_112' title="bbox 1117 4603 1876 4676; baseline -0.014 -10"><span class='ocrx_word' id='word_1_826' title='bbox 1117 4618 1126 4649; x_wconf 89' lang='lat'>¹</span> <span class='ocrx_word' id='word_1_827' title='bbox 1139 4623 1205 4676; x_wconf 83' lang='lat' dir='ltr'><strong>mss,</strong></span> <span class='ocrx_word' id='word_1_828' title='bbox 1216 4611 1290 4674; x_wconf 71' lang='lat' dir='ltr'><strong>uiden</strong></span> <span class='ocrx_word' id='word_1_829' title='bbox 1302 4613 1395 4676; x_wconf 88' lang='lat' dir='ltr'><strong>absque</strong></span> <span class='ocrx_word' id='word_1_830' title='bbox 1406 4607 1530 4675; x_wconf 66' lang='lat' dir='ltr'><strong>paucula,</strong></span> <span class='ocrx_word' id='word_1_831' title='bbox 1540 4619 1586 4671; x_wconf 73' lang='lat' dir='ltr'><strong>rte,</strong></span> <span class='ocrx_word' id='word_1_832' title='bbox 1596 4617 1652 4670; x_wconf 79' lang='lat' dir='ltr'><strong>que</strong></span> <span class='ocrx_word' id='word_1_833' title='bbox 1661 4604 1687 4654; x_wconf 91' lang='lat' dir='ltr'><strong>ln</strong></span> <span class='ocrx_word' id='word_1_834' title='bbox 1697 4603 1795 4655; x_wconf 82' lang='lat' dir='ltr'><strong>excusis</strong></span> <span class='ocrx_word' id='word_1_835' title='bbox 1803 4608 1876 4655; x_wconf 79' lang='lat' dir='ltr'><strong>estet</strong></span> 
     </span>
    </p>
   </div>
   <div class='ocr_carea' id='block_1_8' title="bbox 1086 4676 1877 4801">
    <p class='ocr_par' dir='ltr' id='par_1_10' title="bbox 1086 4676 1877 4801">
     <span class='ocr_line' id='line_1_113' title="bbox 1086 4676 1877 4801; baseline -0.015 -12"><span class='ocrx_word' id='word_1_836' title='bbox 1086 4676 1269 4801; x_wconf 41' lang='lat' dir='ltr'><strong>messibeqbbbbes</strong></span> <span class='ocrx_word' id='word_1_837' title='bbox 1286 4742 1313 4787; x_wconf 89' lang='lat' dir='ltr'><strong>et</strong></span> <span class='ocrx_word' id='word_1_838' title='bbox 1326 4732 1434 4785; x_wconf 89' lang='lat' dir='ltr'><strong>meliorls</strong></span> <span class='ocrx_word' id='word_1_839' title='bbox 1443 4738 1508 4781; x_wconf 82' lang='lat' dir='ltr'><strong>uotae</strong></span> <span class='ocrx_word' id='word_1_840' title='bbox 1523 4737 1576 4780; x_wconf 80' lang='lat' dir='ltr'><strong>ttss</strong></span> <span class='ocrx_word' id='word_1_841' title='bbox 1589 4735 1617 4779; x_wconf 84' lang='lat' dir='ltr'><strong>ut</strong></span> <span class='ocrx_word' id='word_1_842' title='bbox 1627 4726 1696 4789; x_wconf 89' lang='lat' dir='ltr'><strong>editi,</strong></span> <span class='ocrx_word' id='word_1_843' title='bbox 1706 4739 1736 4777; x_wconf 92' lang='lat' dir='ltr'><strong>ea</strong></span> <span class='ocrx_word' id='word_1_844' title='bbox 1746 4737 1802 4789; x_wconf 83' lang='lat' dir='ltr'><strong>quas</strong></span> <span class='ocrx_word' id='word_1_845' title='bbox 1816 4724 1877 4790; x_wconf 70' lang='lat' dir='ltr'><strong>{arti</strong></span> 
     </span>
    </p>
   </div>
   <div class='ocr_carea' id='block_1_9' title="bbox 1086 4786 1896 5784">
    <p class='ocr_par' dir='ltr' id='par_1_11' title="bbox 1086 4786 1876 4862">
     <span class='ocr_line' id='line_1_114' title="bbox 1086 4786 1876 4862; baseline -0.018 -11"><span class='ocrx_word' id='word_1_846' title='bbox 1086 4806 1150 4851; x_wconf 85' lang='lat' dir='ltr'><strong>uates</strong></span> <span class='ocrx_word' id='word_1_847' title='bbox 1160 4798 1236 4850; x_wconf 76' lang='lat' dir='ltr'><strong>omna</strong></span> <span class='ocrx_word' id='word_1_848' title='bbox 1253 4797 1354 4862; x_wconf 82' lang='lat' dir='ltr'><strong>iquoret,</strong></span> <span class='ocrx_word' id='word_1_849' title='bbox 1365 4795 1390 4844; x_wconf 88' lang='lat' dir='ltr'><strong>ia</strong></span> <span class='ocrx_word' id='word_1_850' title='bbox 1399 4794 1481 4844; x_wconf 69' lang='lat' dir='ltr'><strong>merois</strong></span> <span class='ocrx_word' id='word_1_851' title='bbox 1496 4789 1602 4841; x_wconf 82' lang='lat' dir='ltr'><strong>cleeriis</strong></span> <span class='ocrx_word' id='word_1_852' title='bbox 1623 4786 1876 4858; x_wconf 69' lang='lat' dir='ltr'><strong>rebasproediceutcs.</strong></span> 
     </span>
    </p>

    <p class='ocr_par' dir='ltr' id='par_1_12' title="bbox 1086 4846 1896 5039">
     <span class='ocr_line' id='line_1_115' title="bbox 1086 4846 1896 4924; baseline -0.02 -12"><span class='ocrx_word' id='word_1_853' title='bbox 1086 4861 1209 4924; x_wconf 78' lang='lat' dir='ltr'><strong>asclepius</strong></span> <span class='ocrx_word' id='word_1_854' title='bbox 1219 4872 1288 4918; x_wconf 83' lang='lat' dir='ltr'><strong>vero,</strong></span> <span class='ocrx_word' id='word_1_855' title='bbox 1300 4869 1386 4919; x_wconf 85' lang='lat' dir='ltr'><strong>easque</strong></span> <span class='ocrx_word' id='word_1_856' title='bbox 1396 4856 1457 4917; x_wconf 73' lang='lat' dir='ltr'><strong>torte</strong></span> <span class='ocrx_word' id='word_1_857' title='bbox 1467 4858 1531 4903; x_wconf 77' lang='lat' dir='ltr'><strong>setes</strong></span> <span class='ocrx_word' id='word_1_858' title='bbox 1542 4863 1620 4901; x_wconf 82' lang='lat' dir='ltr'><strong>munes</strong></span> <span class='ocrx_word' id='word_1_859' title='bbox 1631 4862 1739 4909; x_wconf 76' lang='lat' dir='ltr'><strong>manna,</strong></span> <span class='ocrx_word' id='word_1_860' title='bbox 1748 4846 1802 4898; x_wconf 84' lang='lat' dir='ltr'><strong>mol</strong></span> <span class='ocrx_word' id='word_1_861' title='bbox 1894 4917 1896 4921; x_wconf 6' lang='grc' dir='ltr'><strong>ἲ</strong></span> 
     </span>
     <span class='ocr_line' id='line_1_116' title="bbox 1087 4911 1895 4985; baseline -0.017 -12"><span class='ocrx_word' id='word_1_862' title='bbox 1087 4922 1141 4973; x_wconf 85' lang='lat' dir='ltr'><strong>eliis</strong></span> <span class='ocrx_word' id='word_1_863' title='bbox 1152 4920 1222 4972; x_wconf 79' lang='lat' dir='ltr'><strong>rebsts</strong></span> <span class='ocrx_word' id='word_1_864' title='bbox 1232 4919 1399 4985; x_wconf 71' lang='lat' dir='ltr'><strong>praedicentes.</strong></span> <span class='ocrx_word' id='word_1_865' title='bbox 1408 4916 1452 4967; x_wconf 88' lang='lat' dir='ltr'><strong>sed</strong></span> <span class='ocrx_word' id='word_1_866' title='bbox 1468 4921 1604 4964; x_wconf 88' lang='lat' dir='ltr'><strong>nostrorma</strong></span> <span class='ocrx_word' id='word_1_867' title='bbox 1614 4911 1830 4981; x_wconf 80' lang='lat' dir='ltr'><strong>manuscriptorum</strong></span> <span class='ocrx_word' id='word_1_868' title='bbox 1850 4923 1895 4962; x_wconf 78' lang='lat' dir='ltr'><strong>e·r</strong></span> 
     </span>
     <span class='ocr_line' id='line_1_117' title="bbox 1087 4970 1879 5039; baseline -0.015 -5"><span class='ocrx_word' id='word_1_869' title='bbox 1087 4985 1159 5034; x_wconf 87' lang='lat' dir='ltr'><strong>ctioui</strong></span> <span class='ocrx_word' id='word_1_870' title='bbox 1181 4983 1246 5032; x_wconf 86' lang='lat' dir='ltr'><strong>lauet</strong></span> <span class='ocrx_word' id='word_1_871' title='bbox 1260 4981 1321 5030; x_wconf 91' lang='lat' dir='ltr'><strong>alius</strong></span> <span class='ocrx_word' id='word_1_872' title='bbox 1331 4981 1378 5028; x_wconf 89' lang='lat' dir='ltr'><strong>iste</strong></span> <span class='ocrx_word' id='word_1_873' title='bbox 1397 4974 1497 5039; x_wconf 82' lang='lat' dir='ltr'><strong>asclepii</strong></span> <span class='ocrx_word' id='word_1_874' title='bbox 1521 4973 1596 5035; x_wconf 90' lang='lat' dir='ltr'><strong>locus,</strong></span> <span class='ocrx_word' id='word_1_875' title='bbox 1616 4972 1728 5037; x_wconf 75' lang='lat' dir='ltr'><strong>medam</strong></span> <span class='ocrx_word' id='word_1_876' title='bbox 1738 4970 1842 5023; x_wconf 82' lang='lat' dir='ltr'><strong>sorttbtts</strong></span> <span class='ocrx_word' id='word_1_877' title='bbox 1855 4974 1879 5022; x_wconf 84' lang='lat' dir='ltr'><strong>et</strong></span> 
     </span>
    </p>

    <p class='ocr_par' dir='ltr' id='par_1_13' title="bbox 1089 5040 1585 5113">
     <span class='ocr_line' id='line_1_118' title="bbox 1089 5040 1585 5113; baseline -0.022 -17"><span class='ocrx_word' id='word_1_878' title='bbox 1089 5040 1448 5113; x_wconf 75' lang='lat' dir='ltr'><strong>atmsmtmtnopradtccutes.</strong></span> <span class='ocrx_word' id='word_1_879' title='bbox 1493 5098 1498 5108; x_wconf 36' lang='grc' dir='ltr'>Ι</span> <span class='ocrx_word' id='word_1_880' title='bbox 1580 5095 1585 5106; x_wconf 35' lang='lat'>⁸</span> 
     </span>
    </p>

    <p class='ocr_par' dir='ltr' id='par_1_14' title="bbox 1089 5094 1879 5230">
     <span class='ocr_line' id='line_1_119' title="bbox 1120 5094 1879 5164; baseline -0.013 -11"><span class='ocrx_word' id='word_1_881' title='bbox 1120 5108 1202 5164; x_wconf 83' lang='lat' dir='ltr'><strong>⁸t&#39;ox,</strong></span> <span class='ocrx_word' id='word_1_882' title='bbox 1223 5104 1338 5162; x_wconf 80' lang='lat' dir='ltr'><strong>loetitsmrt,</strong></span> <span class='ocrx_word' id='word_1_883' title='bbox 1362 5102 1387 5150; x_wconf 90' lang='lat' dir='ltr'><strong>in</strong></span> <span class='ocrx_word' id='word_1_884' title='bbox 1408 5095 1516 5160; x_wconf 77' lang='lat' dir='ltr'><strong>Asclepto</strong></span> <span class='ocrx_word' id='word_1_885' title='bbox 1534 5094 1830 5145; x_wconf 70' lang='lat' dir='ltr'><strong>desideratur-noster</strong></span> <span class='ocrx_word' id='word_1_886' title='bbox 1852 5100 1879 5154; x_wconf 80' lang='lat' dir='ltr'><strong>s,</strong></span> 
     </span>
     <span class='ocr_line' id='line_1_120' title="bbox 1089 5164 1699 5230; baseline -0.02 -11"><span class='ocrx_word' id='word_1_887' title='bbox 1089 5164 1157 5219; x_wconf 79' lang='lat' dir='ltr'><strong>ltetits&#39;</strong></span> <span class='ocrx_word' id='word_1_888' title='bbox 1214 5165 1386 5228; x_wconf 70' lang='lat' dir='ltr'><strong>ueafferetttes.</strong></span> <span class='ocrx_word' id='word_1_889' title='bbox 1537 5218 1542 5230; x_wconf 91' lang='lat'>.</span> <span class='ocrx_word' id='word_1_890' title='bbox 1693 5215 1699 5228; x_wconf 43' lang='lat'><strong>·</strong></span> 
     </span>
    </p>

    <p class='ocr_par' dir='ltr' id='par_1_15' title="bbox 1090 5213 1882 5462">
     <span class='ocr_line' id='line_1_121' title="bbox 1120 5213 1879 5329; baseline -0.018 -51"><span class='ocrx_word' id='word_1_891' title='bbox 1120 5229 1179 5277; x_wconf 67' lang='lat' dir='ltr'><strong>‘sic</strong></span> <span class='ocrx_word' id='word_1_892' title='bbox 1187 5241 1204 5298; x_wconf 88' lang='lat' dir='ltr'><strong>p</strong></span> <span class='ocrx_word' id='word_1_893' title='bbox 1216 5227 1301 5297; x_wconf 85' lang='lat' dir='ltr'><strong>erique</strong></span> <span class='ocrx_word' id='word_1_894' title='bbox 1316 5220 1484 5282; x_wconf 85' lang='lat' dir='ltr'><strong>manuscripti,</strong></span> <span class='ocrx_word' id='word_1_895' title='bbox 1502 5218 1591 5329; x_wconf 63' lang='lat' dir='ltr'><strong>quibus</strong></span> <span class='ocrx_word' id='word_1_896' title='bbox 1609 5213 1731 5278; x_wconf 80' lang='lat' dir='ltr'><strong>useleptus</strong></span> <span class='ocrx_word' id='word_1_897' title='bbox 1747 5215 1879 5265; x_wconf 88' lang='lat' dir='ltr'><strong>consentit.</strong></span> 
     </span>
     <span class='ocr_line' id='line_1_122' title="bbox 1090 5274 1882 5350; baseline -0.018 -12"><span class='ocrx_word' id='word_1_898' title='bbox 1090 5297 1118 5340; x_wconf 80' lang='lat' dir='ltr'><strong>at</strong></span> <span class='ocrx_word' id='word_1_899' title='bbox 1135 5289 1202 5348; x_wconf 84' lang='lat' dir='ltr'><strong>editt,</strong></span> <span class='ocrx_word' id='word_1_900' title='bbox 1221 5284 1340 5337; x_wconf 69' lang='lat' dir='ltr'><strong>diuinitati</strong></span> <span class='ocrx_word' id='word_1_901' title='bbox 1356 5280 1465 5334; x_wconf 75' lang='lat' dir='ltr'><strong>sedulam</strong></span> <span class='ocrx_word' id='word_1_902' title='bbox 1480 5290 1617 5350; x_wconf 73' lang='lat' dir='ltr'><strong>respuerem</strong></span> <span class='ocrx_word' id='word_1_903' title='bbox 1630 5288 1743 5346; x_wconf 70' lang='lat' dir='ltr'><strong>seraone</strong></span> <span class='ocrx_word' id='word_1_904' title='bbox 1764 5283 1833 5326; x_wconf 75' lang='lat' dir='ltr'><strong>rorte</strong></span> <span class='ocrx_word' id='word_1_905' title='bbox 1846 5274 1882 5324; x_wconf 89' lang='lat' dir='ltr'><strong>lu·</strong></span> 
     </span>
     <span class='ocr_line' id='line_1_123' title="bbox 1090 5335 1881 5462; baseline -0.016 -64"><span class='ocrx_word' id='word_1_906' title='bbox 1090 5350 1205 5462; x_wconf 39' lang='lat' dir='ltr'><strong>aegilam,</strong></span> <span class='ocrx_word' id='word_1_907' title='bbox 1216 5345 1336 5457; x_wconf 48' lang='lat' dir='ltr'><strong>dirirttgmi</strong></span> <span class='ocrx_word' id='word_1_908' title='bbox 1350 5339 1563 5452; x_wconf 49' lang='lat' dir='ltr'><strong>mdetassireliqtarte</strong></span> <span class='ocrx_word' id='word_1_909' title='bbox 1578 5351 1685 5390; x_wconf 78' lang='lat' dir='ltr'><strong>screare.</strong></span> <span class='ocrx_word' id='word_1_910' title='bbox 1694 5364 1725 5375; x_wconf 93' lang='lat'>—</span> <span class='ocrx_word' id='word_1_911' title='bbox 1736 5345 1787 5386; x_wconf 72' lang='lat' dir='ltr'><strong>tiss</strong></span> <span class='ocrx_word' id='word_1_912' title='bbox 1798 5335 1846 5387; x_wconf 82' lang='lat' dir='ltr'><strong>atto</strong></span> <span class='ocrx_word' id='word_1_913' title='bbox 1855 5339 1881 5391; x_wconf 76' lang='lat' dir='ltr'><strong>et</strong></span> 
     </span>
    </p>

    <p class='ocr_par' dir='ltr' id='par_1_16' title="bbox 1152 5415 1771 5469">
     <span class='ocr_line' id='line_1_124' title="bbox 1152 5415 1771 5469; baseline -0.018 -10"><span class='ocrx_word' id='word_1_914' title='bbox 1152 5445 1160 5466; x_wconf 86' lang='lat'><strong>,</strong></span> <span class='ocrx_word' id='word_1_915' title='bbox 1190 5415 1270 5458; x_wconf 83' lang='lat' dir='ltr'><strong>runata</strong></span> <span class='ocrx_word' id='word_1_916' title='bbox 1296 5444 1301 5456; x_wconf 93' lang='lat'>.</span> <span class='ocrx_word' id='word_1_917' title='bbox 1448 5439 1455 5453; x_wconf 92' lang='lat'><strong>.</strong></span> <span class='ocrx_word' id='word_1_918' title='bbox 1655 5458 1661 5469; x_wconf 32' lang='grc' dir='ltr'>ι</span> <span class='ocrx_word' id='word_1_919' title='bbox 1692 5457 1698 5469; x_wconf 30' lang='grc' dir='ltr'>ι</span> <span class='ocrx_word' id='word_1_920' title='bbox 1727 5458 1733 5469; x_wconf 32' lang='grc' dir='ltr'>ι</span> <span class='ocrx_word' id='word_1_921' title='bbox 1765 5457 1771 5468; x_wconf 32' lang='grc' dir='ltr'>ι</span> 
     </span>
    </p>

    <p class='ocr_par' dir='ltr' id='par_1_17' title="bbox 1091 5463 1881 5646">
     <span class='ocr_line' id='line_1_125' title="bbox 1122 5463 1881 5530; baseline -0.018 -9"><span class='ocrx_word' id='word_1_922' title='bbox 1122 5473 1232 5529; x_wconf 67' lang='lat' dir='ltr'><strong>‘verba</strong></span> <span class='ocrx_word' id='word_1_923' title='bbox 1242 5475 1264 5520; x_wconf 90' lang='lat' dir='ltr'><strong>et</strong></span> <span class='ocrx_word' id='word_1_924' title='bbox 1281 5466 1358 5519; x_wconf 83' lang='lat' dir='ltr'><strong>onmis</strong></span> <span class='ocrx_word' id='word_1_925' title='bbox 1369 5479 1451 5517; x_wconf 88' lang='lat' dir='ltr'><strong>eoram</strong></span> <span class='ocrx_word' id='word_1_926' title='bbox 1460 5469 1543 5515; x_wconf 75' lang='lat' dir='ltr'><strong>snecta</strong></span> <span class='ocrx_word' id='word_1_927' title='bbox 1556 5467 1675 5512; x_wconf 87' lang='lat' dir='ltr'><strong>uerteratta</strong></span> <span class='ocrx_word' id='word_1_928' title='bbox 1689 5472 1715 5509; x_wconf 91' lang='lat' dir='ltr'><strong>m</strong></span> <span class='ocrx_word' id='word_1_929' title='bbox 1724 5463 1823 5530; x_wconf 79' lang='lat' dir='ltr'><strong>arratam</strong></span> <span class='ocrx_word' id='word_1_930' title='bbox 1838 5470 1881 5508; x_wconf 59' lang='lat' dir='ltr'><strong>coa</strong></span> 
     </span>
     <span class='ocr_line' id='line_1_126' title="bbox 1091 5519 1881 5645; baseline -0.015 -63"><span class='ocrx_word' id='word_1_931' title='bbox 1091 5546 1148 5645; x_wconf 67' lang='lat' dir='ltr'><strong>bum</strong></span> <span class='ocrx_word' id='word_1_932' title='bbox 1159 5529 1329 5595; x_wconf 71' lang='lat' dir='ltr'><strong>(contrabitur,</strong></span> <span class='ocrx_word' id='word_1_933' title='bbox 1341 5527 1450 5579; x_wconf 78' lang='lat' dir='ltr'><strong>Mercurii</strong></span> <span class='ocrx_word' id='word_1_934' title='bbox 1468 5533 1525 5575; x_wconf 91' lang='lat' dir='ltr'><strong>sunt</strong></span> <span class='ocrx_word' id='word_1_935' title='bbox 1540 5525 1564 5573; x_wconf 92' lang='lat' dir='ltr'><strong>in</strong></span> <span class='ocrx_word' id='word_1_936' title='bbox 1575 5521 1691 5584; x_wconf 81' lang='lat' dir='ltr'><strong>asclepio,</strong></span> <span class='ocrx_word' id='word_1_937' title='bbox 1712 5519 1756 5570; x_wconf 91' lang='lat' dir='ltr'><strong>sod</strong></span> <span class='ocrx_word' id='word_1_938' title='bbox 1775 5520 1815 5570; x_wconf 91' lang='lat' dir='ltr'><strong>lnc</strong></span> <span class='ocrx_word' id='word_1_939' title='bbox 1832 5528 1881 5571; x_wconf 87' lang='lat' dir='ltr'><strong>noa</strong></span> 
     </span>
     <span class='ocr_line' id='line_1_127' title="bbox 1108 5594 1305 5646; baseline -0.03 0"><span class='ocrx_word' id='word_1_940' title='bbox 1108 5594 1305 5646; x_wconf 83' lang='lat' dir='ltr'><strong>alreuturinttss.</strong></span> 
     </span>
    </p>

    <p class='ocr_par' dir='ltr' id='par_1_18' title="bbox 1093 5640 1878 5784">
     <span class='ocr_line' id='line_1_128' title="bbox 1124 5640 1878 5717; baseline -0.015 -13"><span class='ocrx_word' id='word_1_941' title='bbox 1124 5655 1214 5713; x_wconf 68' lang='lat' dir='ltr'><strong>‘aditi</strong></span> <span class='ocrx_word' id='word_1_942' title='bbox 1227 5667 1281 5704; x_wconf 89' lang='lat' dir='ltr'><strong>cturt</strong></span> <span class='ocrx_word' id='word_1_943' title='bbox 1291 5653 1321 5702; x_wconf 87' lang='lat' dir='ltr'><strong>sit</strong></span> <span class='ocrx_word' id='word_1_944' title='bbox 1331 5650 1432 5714; x_wconf 69' lang='lat' dir='ltr'><strong>streilitas,</strong></span> <span class='ocrx_word' id='word_1_945' title='bbox 1444 5645 1499 5712; x_wconf 72' lang='lat' dir='ltr'><strong>fieri</strong></span> <span class='ocrx_word' id='word_1_946' title='bbox 1515 5645 1571 5697; x_wconf 79' lang='lat' dir='ltr'><strong>daos</strong></span> <span class='ocrx_word' id='word_1_947' title='bbox 1581 5642 1681 5717; x_wconf 66' lang='lat' dir='ltr'><strong>colem</strong></span> <span class='ocrx_word' id='word_1_948' title='bbox 1692 5655 1750 5710; x_wconf 87' lang='lat' dir='ltr'><strong>quos</strong></span> <span class='ocrx_word' id='word_1_949' title='bbox 1765 5640 1831 5708; x_wconf 70' lang='lat' dir='ltr'><strong>sccii,</strong></span> <span class='ocrx_word' id='word_1_950' title='bbox 1850 5643 1878 5693; x_wconf 71' lang='lat' dir='ltr'><strong>ds</strong></span> 
     </span>
     <span class='ocr_line' id='line_1_129' title="bbox 1093 5703 1680 5784; baseline -0.027 -12"><span class='ocrx_word' id='word_1_951' title='bbox 1093 5733 1143 5784; x_wconf 76' lang='lat' dir='ltr'><strong>ipsc</strong></span> <span class='ocrx_word' id='word_1_952' title='bbox 1155 5726 1268 5772; x_wconf 88' lang='lat' dir='ltr'><strong>trtnouta.</strong></span> <span class='ocrx_word' id='word_1_953' title='bbox 1280 5713 1439 5767; x_wconf 76' lang='lat' dir='ltr'><strong>intendantur</strong></span> <span class='ocrx_word' id='word_1_954' title='bbox 1450 5709 1480 5762; x_wconf 87' lang='lat' dir='ltr'><strong>ad</strong></span> <span class='ocrx_word' id='word_1_955' title='bbox 1490 5713 1589 5761; x_wconf 87' lang='lat' dir='ltr'><strong>ueteres</strong></span> <span class='ocrx_word' id='word_1_956' title='bbox 1597 5703 1680 5758; x_wconf 79' lang='lat' dir='ltr'><strong>libros</strong></span> 
     </span>
    </p>
   </div>
   <div class='ocr_carea' id='block_1_10' title="bbox 0 0 1988 6388">
    <p class='ocr_par' dir='ltr' id='par_1_19' title="bbox 0 0 1988 6388">
     <span class='ocr_line' id='line_1_130' title="bbox 0 0 1988 6388; baseline 0 0"><span class='ocrx_word' id='word_1_957' title='bbox 0 0 1988 6388; x_wconf 95' lang='lat' dir='ltr'><strong> </strong></span> 
     </span>
    </p>
   </div>
  </div>
 </body>
</html>
