3900 6390
154 290 209 349 245

154 404 328 478 pontillrilms
341 403 454 460 ciuitatis
466 417 513 473 per
526 401 646 457 sectaires
659 400 736 455 ludos
749 407 886 470 poetarum
900 398 943 454 lu·

154 497 242 552 dibria
262 497 426 565 requirenti:
441 510 493 549 non
509 493 635 548 miscetur
647 492 746 547 bomini
759 490 870 545 deorum
892 489 945 544 cri·

156 589 227 642 mina
242 587 342 657 lingere
353 584 502 654 prohibenti
515 627 522 649 ,
534 593 559 638 ct
571 583 696 638 miscetur
706 580 820 636 demoni
832 594 861 634 se
873 579 945 633 lalcis

154 679 268 734 deorum
283 675 439 731 criminibus
452 674 595 729 oblectanti
608 690 615 738 ;
630 689 682 727 non
706 671 831 727 misectur
845 668 945 723 bomini

156 783 295 839 tnaqorum
308 766 409 823 scelera
420 766 500 836 iustis
514 759 616 834 legibus
628 761 767 834 punienti,
781 771 808 816 et
821 760 946 815 miscetur

156 858 274 915 tlaetttoni
289 859 404 929 magicas
423 867 495 914 artes
508 856 614 912 docenti
627 864 655 911 et
675 855 815 925 implenti;
830 868 882 908 nen
897 853 947 907 mi-

159 959 251 1006 scetur
264 949 364 1004 bomini
379 949 553 1003 intitutionem
567 947 698 1003 daemonis
710 944 819 1015 fugienti
832 986 840 1012 ,
855 953 883 1000 et
896 943 947 998 nti·

156 1050 249 1098 sector
261 1040 376 1097 daemoni
389 1040 571 1110 deceptionem
584 1038 700 1094 hominis
711 1037 867 1108 aucupantii

157 1173 273 1233 CAPUT
292 1173 363 1232 XXI.
376 1204 411 1217 -
423 1173 463 1228 Aa
476 1168 629 1228 demonibus
644 1172 737 1227 trttutit'r
758 1178 782 1225 ct
802 1167 949 1240 interpreti·

200 1266 295 1323 burdii
308 1274 421 1332 utuntur,
435 1263 540 1337 [ultique
552 1280 579 1319 re
591 1262 623 1317 ob
637 1263 673 1318 eit
685 1272 729 1317 out
748 1262 883 1334 iquoreut,
905 1268 949 1314 ortt

196 1358 283 1415 veiint

197 1491 224 1547 l.
238 1489 290 1547 Sed
300 1489 424 1546 nimirum
436 1497 516 1546 tantae
528 1488 606 1561 hujus
617 1488 787 1544 absurditatis
797 1496 825 1544 et
835 1485 952 1558 indigni-

158 1582 225 1638 tatis
242 1589 285 1637 est
306 1595 400 1652 magna
415 1580 575 1645 necessitas,
590 1579 661 1651 quod
675 1580 777 1635 scilieet
790 1578 855 1634 deos
868 1576 952 1633 tetbe-

161 1674 219 1729 rins
228 1672 342 1728 bumana
353 1681 477 1728 curantes
488 1668 703 1742 qutd'terrestres
712 1670 833 1726 homines
843 1676 953 1741 agerent

159 1765 255 1836 utique
268 1764 380 1829 lateret,
392 1764 441 1817 nisi
455 1763 589 1819 demones
609 1763 673 1819 aerii
694 1762 863 1826 nuntiarent;
885 1775 951 1830 quo·

162 1860 236 1915 niam
251 1856 335 1912 ether
347 1857 450 1927 longca
467 1864 537 1910 terra
557 1864 598 1911 est
610 1847 716 1924 alteque
728 1865 874 1922 suspensus
885 1892 893 1918 ,
906 1865 953 1905 aer

162 1961 229 2006 vero
239 1948 332 2005 aetberi
346 1957 476 2019 terraeque
487 1948 635 2018 contiguus.
651 1946 675 2002 0
687 1945 834 2001 mirabilem
848 1944 954 2015 sapien·

163 2044 228 2099 darn
241 2043 249 2098 l
261 2041 330 2110 Quid
351 2038 469 2097 aliud'dc
488 2041 539 2097 diis
564 2039 607 2095 isti
627 2039 763 2105 sentiunt,
779 2052 846 2109 quos
860 2049 954 2091 omnes

163 2137 281 2207 optimos
289 2133 403 2199 nolunt,
420 2132 469 2188 nisi
483 2146 529 2187 eos
542 2137 570 2187 ct
582 2130 697 2185 bumana
707 2143 821 2196 curare,
836 2142 870 2183 nc
881 2125 954 2182 cultu

163 2225 306 2282 videantur
315 2220 424 2295 indigni,
436 2231 583 2293 et'propter
596 2221 788 2276 elementorum
802 2218 954 2274 distantiam

164 2314 416 2381 humanandum,
432 2324 460 2370 ut
474 2314 615 2370 credantur
631 2312 767 2369 demones
789 2310 954 2376 necessarii,

166 2417 196 2466 ct
211 2409 248 2463 ob
262 2409 313 2464 lmo
334 2405 414 2464 etiam
429 2407 478 2477 ipsi
496 2414 621 2476 putentur
639 2403 765 2472 colendi,
778 2418 826 2474 per
839 2417 905 2474 quos
918 2400 956 2457 dii

165 2500 272 2571 possint
289 2507 315 2555 et
327 2497 429 2569 quid'in
443 2497 523 2553 rebus
534 2495 657 2552 burnonis
671 2504 765 2566 agatur
778 2494 917 2550 addiscere
929 2501 957 2549 ot

166 2590 212 2647 ubi
224 2598 329 2661 oportet
340 2586 491 2643 bominibus
505 2585 666 2642 subveniret
680 2585 737 2641 lloc
749 2585 773 2640 si
784 2584 820 2639 ita
832 2594 891 2651 cst,
905 2582 957 2639 diis

164 2679 228 2738 istis
242 2681 318 2737 bonis
338 2674 421 2752 magis
436 2688 514 2735 notus
531 2688 574 2735 est
594 2676 699 2733 demon
721 2691 769 2746 per
782 2690 879 2746 corpus
892 2674 958 2731 rici-

165 2785 248 2843 num,
259 2787 338 2845 quarn
353 2773 433 2829 borno
447 2789 495 2844 per
505 2772 621 2827 animum
633 2770 742 2826 bonurn.
754 2769 776 2825 0
787 2770 898 2824 multum
909 2766 960 2823 do·

165 2861 248 2924 l'enda
269 2867 429 2932 necessitas,
444 2881 476 2921 att
491 2866 579 2935 potius
598 2863 733 2920 irridenda
746 2862 788 2918 rel
802 2861 958 2917 detestanda

168 2962 287 3025 territas,
302 2973 335 3014 tte
347 2959 382 3013 sit
395 2972 462 3011 sana
476 2957 616 3012 divinitas!
631 2955 659 3011 st
674 2954 744 3010 enim
759 2954 848 3008 animo
863 2953 897 3008 ab
908 2953 958 3009 ob·

169 3049 272 3106 staculo
286 3050 406 3119 eorporis
425 3048 508 3103 libero
529 3047 646 3102 animum
666 3055 787 3102 nostrum
809 3045 901 3101 videre
921 3043 958 3099 dii

170 3148 301 3212 possunt,
316 3154 368 3196 non
382 3140 415 3195 ad
430 3141 480 3194 ltoe
492 3139 657 3194 demonibus
672 3138 790 3209 indigent
806 3136 905 3192 nuntiis
916 3153 925 3192 ι
936 3137 958 3191 si

169 3244 260 3289 autent
273 3231 422 3288 ultimorum
436 3230 532 3286 indicia
545 3229 709 3300 corporalia,
723 3228 811 3300 qualia
825 3236 887 3283 sunt
900 3226 959 3283 tul·

170 3329 232 3391 tus,
259 3324 375 3391 locutio,
400 3335 676 3394 matus,percnrpus
697 3338 775 3378 suum
797 3323 899 3378 aetherii
923 3323 960 3378 dii

171 3417 304 3485 sentiunt,
318 3424 345 3472 ct
358 3417 418 3472 indc
431 3416 556 3486 colligunt
569 3416 631 3487 quid
645 3416 723 3472 ctiam
737 3415 871 3471 demones
894 3432 961 3470 nun·

171 3502 252 3575 tient,
266 3516 377 3578 pessunt
398 3517 426 3563 et
444 3507 587 3563 mendaciis
601 3507 752 3563 demonum
763 3507 861 3578 decipi.
877 3508 961 3564 Porro

171 3592 312 3655 si'deorum
321 3600 444 3655 divinitas
458 3615 473 3654 a
487 3601 651 3656 demonibus
664 3616 717 3656 noo
731 3610 818 3672 potest
833 3600 897 3670 lalli,
909 3601 960 3658 ab¹

171 3687 265 3746 cadem
276 3689 427 3757 diuinitate,
436 3691 505 3762 quod
519 3691 635 3762 agimus,
651 3682 800 3763 non‘potcst
810 3692 925 3764 ignorari
938 3695 960 3748 ¹.

206 3779 235 3835 2.
248 3780 349 3837 Vellem
365 3793 452 3838 atttem
467 3782 531 3837 milti
545 3783 588 3837 isti
599 3783 728 3852 dicerent,
743 3792 831 3839 utrum
844 3782 896 3839 diis
908 3782 962 3839 dao-

171 3889 267 3931 tuones
291 3874 473 3929 nuntiaverint
494 3875 528 3930 de
548 3875 704 3930 criminibus
725 3874 835 3931 deorum
860 3874 961 3946 poetica

173 3962 277 4022 Platoni
292 3965 432 4036 displicere
447 3965 582 4037 tigmenta,
598 3977 625 4022 ct
638 3966 687 4021 sibi
700 3982 731 4021 ca
746 3968 962 4038 plaeerccelate·

172 4057 242 4124 rint;
254 4071 287 4110 en
297 4066 438 4127 utrumque
448 4058 780 4129 occttltererint,-dcosque
793 4075 852 4115 esse
861 4062 961 4117 malue-

172 4149 226 4204 rint
240 4149 321 4203 totius
333 4149 370 4203 rei
385 4148 464 4218 buius
477 4148 599 4219 ignaros;
615 4165 649 4202 att
668 4160 808 4220 utrumque
830 4152 962 4209 indicare·

173 4241 245 4307 rittt,
257 4249 285 4296 et
295 4240 445 4310 religiosum
460 4255 522 4311 erga
534 4240 599 4296 deos
613 4241 731 4296 Platonis
745 4242 922 4311 prudentiam,
937 4252 965 4299 et

173 4330 201 4386 in
220 4331 288 4388 dces
308 4331 462 4400 injuriosam
485 4330 621 4387 libidinem
643 4347 735 4399 suam;
757 4349 790 4388 att
806 4336 964 4390 sententiam

175 4422 283 4493 quidem
298 4416 433 4488 Platonis,
448 4437 501 4493 qua
516 4424 600 4477 noluit
614 4423 677 4480 deus
698 4438 746 4494 per
760 4425 867 4495 impiam
881 4427 964 4482 licen-

173 4515 287 4586 centiam
299 4523 435 4585 poetarum
451 4514 524 4568 falsis
533 4515 687 4569 criminibus
702 4516 833 4581 infamari,
849 4518 964 4588 ignotam

173 4606 226 4661 diis
237 4620 298 4660 esse
310 4606 462 4671 voluerint,
476 4622 550 4661 suam
567 4620 632 4661 rere
646 4608 806 4677 nequitiam,
823 4625 874 4679 qua
888 4609 965 4667 ludos

173 4697 296 4752 scenicos
319 4704 426 4762 autaut,
442 4695 538 4768 quibus
553 4697 597 4752 illa
617 4697 728 4753 deorum
743 4698 873 4754 dedecora
892 4701 965 4756 cele*

173 4790 296 4853 brantur,
308 4790 421 4860 predere
431 4805 484 4845 non
493 4790 647 4845 erubuerint
659 4790 699 4846 rel
709 4791 853 4846 timuerint.
864 4791 965 4848 llorum

174 4889 307 4949 quatuor,
331 4895 391 4950 quae
412 4880 599 4951 interrogando
614 4883 754 4951 proposui,
768 4883 904 4953 quodlibet
918 4884 966 4940 cli·

173 4982 248 5040 gunt,
263 4979 291 5026 et
306 4973 331 5025 in
344 4971 464 5043 quolibet
475 4988 567 5028 corum
583 4982 709 5042 quantum
729 4975 792 5028 mali
807 4974 839 5029 de
851 4974 903 5030 diis
915 4975 965 5031 be·

176 5065 219 5120 nis
239 5065 392 5134 opinentur,
409 5066 554 5121 attendant.
570 5066 598 5120 Si
612 5067 682 5122 enitu
695 5067 808 5136 primunt
821 5067 964 5138 elegerint,

175 5156 329 5214 consessuri
346 5166 408 5211 sunt
429 5173 482 5212 non
497 5158 604 5213 licuisse
618 5158 669 5212 diis
682 5157 761 5212 bonis
771 5157 891 5213 babitare
905 5174 965 5214 eum

174 5249 246 5305 beno
258 5248 385 5314 Platone,
393 5248 499 5318 quando
511 5264 604 5305 eorum
616 5249 728 5319 injurias
752 5248 923 5316 prohibebat,
938 5258 966 5304 et

177 5342 313 5396 habitasse
323 5354 382 5393 cnttt
393 5339 558 5395 demonibus
571 5341 658 5407 malis,
673 5341 780 5412 quaudo
791 5355 884 5396 eorum
896 5339 965 5411 inju-

173 5433 221 5487 riis
236 5429 420 5494 exsultabam
433 5444 493 5484 cum
507 5429 543 5484 dii
558 5430 619 5486 boni
632 5430 875 5487 hominembonum
887 5430 966 5501 longe

172 5541 234 5582 ase
247 5523 362 5594 positum
386 5523 491 5578 nonnisi
505 5537 551 5593 per
576 5521 660 5578 malos
681 5522 816 5581 demones
839 5531 964 5591 nossent,

203 5684 210 5712 ¹
230 5681 312 5736 abest,
323 5677 363 5735 cb,
374 5679 400 5728 in
410 5677 521 5729 omnibus
528 5677 618 5730 nostris
628 5685 681 5730 ltss.
713 5687 741 5730 tt.

198 5739 213 5775 θ
228 5745 269 5792 tat
282 5740 365 5804 incipit
374 5738 479 5805 emittit
493 5740 580 5791 lnttss

830 282 930 339 blBER
948 281 1114 340 octavus.

1738 278 1790 336 stu

998 413 1066 468 quas
1076 398 1196 452 ricinos¹
1212 411 1290 454 nosse
1301 412 1355 454 non
1367 406 1486 469 possent.
1500 397 1528 455 Si
1541 404 1629 452 autem
1644 395 1791 452 secundum

998 488 1136 559 elegerint,
1149 498 1177 544 et
1187 499 1326 559 utrumque
1336 491 1495 545 occultatum
1510 505 1525 544 a
1539 489 1706 545 demonibus
1719 488 1790 545 dixe·
1827 520 1839 541 ..

998 582 1060 647 rint,
1076 588 1107 634 ut
1124 579 1160 634 dii
1179 581 1289 635 omnino
1303 582 1435 636 nescirent
1447 589 1474 636 et
1489 581 1608 636 Platonis
1622 578 1789 649 religiositati·

999 685 1070 724 marn
1083 670 1168 743 legem
1183 680 1210 726 et
1223 672 1374 727 demonum
1388 671 1544 741 sacrilegam
1566 670 1790 733 delectationem

999 762 1063 832 quid
1076 763 1103 817 in
1123 763 1203 818 rebus
1215 762 1338 818 ltumanis
1351 778 1399 834 pcr
1411 763 1588 818 internuntios
1600 760 1737 817 demones
1760 757 1793 819 oi

1000 868 1080 909 nosse
1096 853 1196 910 utiliter
1210 862 1334 923 possunt,
1347 852 1454 924 quando
1468 854 1511 908 illa
1525 853 1664 918 nesciunt,
1678 867 1739 924 qttas
1766 849 1795 904 in

1001 942 1129 998 bonorem
1148 942 1259 998 deorum
1272 943 1402 998 benorum
1414 943 1542 1012 religione
1554 942 1685 998 bonorum
1705 939 1795 996 bonti-

1001 1050 1065 1089 num
1080 1043 1174 1089 contra
1186 1034 1322 1090 libidinem
1337 1035 1468 1090 moturum
1481 1034 1632 1090 demonum
1643 1034 1796 1090 decernun-

1002 1124 1065 1181 turi
1079 1124 1107 1181 Si
1123 1141 1187 1180 vero
1200 1127 1307 1181 tertium
1323 1127 1463 1196 elegerint,
1477 1136 1504 1180 ct
1519 1141 1571 1180 nnn
1583 1127 1668 1181 sulum
1688 1134 1798 1181 senten-

1003 1215 1066 1269 tiam
1078 1215 1194 1270 Platonis
1206 1215 1315 1271 deorum
1329 1216 1439 1286 injurias
1452 1216 1645 1286 pmltibentem,
1658 1215 1798 1272 sedetiam

1003 1305 1308 1376 demonumnequitiam
1317 1308 1428 1363 deorum
1439 1309 1542 1379 injuriis
1550 1308 1737 1375 exsultantem,
1751 1321 1799 1378 per

1003 1399 1111 1455 eosdem
1126 1399 1262 1457 demones
1285 1403 1393 1456 nuntios
1413 1402 1465 1456 diis
1489 1402 1635 1458 innotuisse
1650 1401 1799 1474 respoude-

1003 1491 1073 1558 rint;
1088 1491 1139 1547 ltoc
1152 1494 1275 1547 nuntiare
1289 1504 1338 1555 est,
1352 1509 1385 1547 att
1397 1493 1544 1550 iusttltarei
1557 1494 1591 1549 Et
1609 1494 1644 1550 dii
1656 1502 1798 1564 utrumque

1004 1585 1043 1640 sic
1053 1584 1172 1650 audiunt,
1193 1585 1233 1640 sic
1249 1595 1390 1656 utrumque
1402 1594 1584 1656 cognoscum,
1600 1595 1695 1641 utnon
1711 1584 1797 1640 solum

1005 1677 1134 1747 malignos
1146 1676 1282 1731 drernoncs
1294 1676 1404 1731 demum
1425 1677 1544 1745 dignitati
1559 1685 1586 1732 et
1600 1677 1719 1731 Platonis
1736 1674 1798 1732 reli-

1004 1768 1077 1838 gioni
1096 1769 1230 1823 contraria
1252 1767 1390 1838 cupientes
1404 1778 1485 1838 atque
1499 1769 1656 1824 iacientese
1677 1783 1727 1824 suo
1750 1780 1798 1822 ac-

1005 1878 1082 1918 cessu
1096 1878 1148 1917 non
1166 1871 1284 1929 arceant,
1299 1876 1390 1917 verunt
1405 1862 1485 1917 ctiam
1499 1861 1618 1932 perillus
1633 1860 1719 1917 malos
1732 1874 1797 1931 pro·
1891 1856 1894 1865 '

1004 1956 1118 2027 pinques
1157 1955 1259 2009 Platoni
1287 1955 1358 2010 bono
1389 1954 1532 2024 longinquo
1563 1952 1633 2008 dona
1662 1952 1798 2007 transmit-

1008 2058 1074 2103 tam.-
1101 2048 1145 2103 Sic
1173 2048 1245 2102 enim
1273 2062 1319 2102 eos
1349 2048 1542 2102 elementorum
1572 2046 1646 2117 quasi
1675 2053 1797 2101 catenata

1008 2140 1092 2196 series
1104 2141 1254 2211 colligavit,
1268 2149 1296 2194 ut
1310 2140 1361 2194 illls
1380 2155 1394 2192 a
1414 2140 1509 2209 quibus
1521 2139 1710 2199 criminantur,
1731 2151 1798 2192 con·

1005 2233 1080 2304 jungi
1096 2235 1215 2304 possint;
1230 2233 1292 2288 bnic
1306 2248 1320 2286 a
1334 2248 1387 2303 qun
1401 2232 1580 2287 defenduntur
1592 2274 1599 2298 ,
1613 2245 1665 2286 uon
1680 2230 1798 2301 possint:

1008 2335 1149 2394 utrumque
1163 2324 1295 2391 scientes,
1307 2324 1354 2379 sed
1368 2323 1437 2378 actis
1452 2331 1478 2377 ct
1491 2333 1568 2377 terre
1582 2322 1697 2392 pondera
1712 2330 1800 2377 trans-

1008 2425 1114 2472 mutare
1136 2431 1190 2472 non
1202 2417 1329 2472 valentes.
1340 2416 1397 2471 lam
1408 2415 1479 2485 qum
1488 2415 1617 2486 reliquum
1630 2423 1679 2481 cst,
1690 2413 1712 2469 si
1722 2428 1801 2484 quar·

1009 2520 1065 2566 turn
1077 2510 1226 2582 elegerint,
1244 2511 1374 2582 pejttsest
1386 2510 1501 2565 ceteris.
1516 2509 1579 2576 Quis
1593 2508 1664 2564 enim
1679 2505 1763 2573 serat,
1777 2507 1800 2562 si

1009 2615 1147 2675 poetarum
1161 2603 1194 2659 de
1208 2603 1259 2659 diis
1272 2602 1466 2657 immortalibus
1481 2601 1623 2655 criminosa
1638 2598 1763 2670 figmenta
1775 2607 1802 2654 et

1009 2695 1175 2750 theatrorum
1189 2694 1295 2765 indigna
1309 2692 1433 2758 ludibria,
1448 2706 1576 2761 suamque
1587 2691 1612 2745 in
1626 2690 1667 2744 bis
1679 2688 1803 2744 omnibus

1010 2784 1223 2840 ardentissimam
1233 2783 1439 2853 eupiditatentet
1449 2782 1632 2837 suavissimam
1641 2779 1803 2850 voluptatem

1010 2875 1062 2932 diis
1074 2876 1210 2931 demones
1225 2877 1431 2943 nuntiaverunt,
1447 2886 1491 2941 et,
1507 2875 1576 2946 quod
1598 2875 1673 2930 Plato
1687 2873 1803 2946 philoso-

1011 2968 1089 3038 phica
1110 2968 1285 3038 gravitatem
1304 2969 1403 3037 optima
1418 2968 1552 3036 republica
1568 2967 1625 3021 baec
1639 2966 1728 3023 omnia
1741 2980 1805 3022 cen·

1012 3061 1064 3115 suit
1077 3060 1247 3122 remerenda.
1264 3068 1402 3115 tacuerunt
1415 3078 1421 3125 ;
1438 3069 1466 3113 ut
1478 3060 1532 3129 jam
1548 3059 1585 3113 dii
1600 3059 1661 3114 boni
1676 3075 1724 3129 per
1737 3059 1804 3115 tales

1012 3160 1120 3207 nunttos
1132 3167 1211 3206 tmsse
1224 3161 1354 3223 cogantur
1368 3152 1435 3206 mala
1450 3150 1636 3220 pessimorum,
1647 3166 1697 3207 nec
1706 3140 1803 3216 elicita,

1012 3242 1060 3298 sed
1074 3242 1228 3298 eorumdem
1243 3243 1395 3297 nuntiorum
1409 3284 1416 3305 ,
1431 3252 1510 3312 atque
1533 3241 1574 3297 ltis
1595 3242 1727 3296 contraria
1749 3256 1804 3298 tton

1012 3334 1134 3389 sinantur
1146 3348 1224 3389 nosse
1240 3335 1308 3389 bona
1323 3334 1541 3405 pltilosnplmrum
1552 3377 1559 3402 ,
1571 3350 1631 3391 cunt
1651 3335 1695 3390 illa
1708 3334 1804 3405 sintin

1013 3424 1147 3494 injuriam,
1163 3424 1211 3479 ista
1226 3425 1252 3480 in
1267 3425 1395 3482 bonorem
1408 3425 1525 3496 ipsorum
1537 3424 1664 3481 dcerunt?

1013 3559 1129 3616 CAPUT
1143 3558 1227 3615 xtttt.
1238 3589 1274 3601 -
1288 3559 1327 3615 De
1338 3560 1480 3632 objiciendo
1491 3559 1562 3614 cuttu
1574 3560 1727 3629 dertonam,
1741 3575 1805 3616 cca-

1309 3660 1349 3704 trtr
1360 3650 1504 3721 Apuleium.

1050 3787 1116 3855 Quia
1130 3787 1210 3856 igitur
1219 3785 1285 3841 nibil
1299 3785 1409 3840 istorum
1420 3794 1534 3854 quatuor
1544 3783 1695 3855 eligendum
1708 3793 1759 3852 est,
1769 3799 1806 3842 ac

1016 3879 1041 3931 in
1055 3877 1173 3948 quolibet
1186 3892 1279 3931 eorum
1292 3875 1326 3931 de
1338 3875 1390 3931 diis
1403 3885 1456 3930 tam
1471 3876 1540 3931 rnale
1562 3874 1708 3941 sentiatur;
1722 3884 1807 3931 restat

1015 3976 1044 4023 ut
1057 3969 1129 4024 nulle
1144 3966 1223 4023 tnodn
1236 3966 1398 4022 eredendum
1414 3967 1458 4031 sit,
1473 3966 1544 4037 qued
1557 3965 1683 4037 Apuleius
1696 3981 1808 4037 persua·

1016 4060 1080 4115 dere
1090 4061 1193 4127 nititur,
1204 4069 1231 4114 et
1240 4063 1400 4130 quicumque
1411 4059 1453 4113 alii
1465 4066 1526 4113 sunt
1536 4058 1654 4127 ejusdem
1667 4060 1807 4116 sententie

1016 4151 1184 4222 pltilosoplti,
1201 4152 1235 4205 ita
1248 4166 1308 4207 esse
1330 4149 1433 4205 medias
1444 4149 1579 4204 demones
1603 4149 1673 4204 inter
1693 4148 1759 4232 deos
1777 4155 1808 4205 et

1016 4245 1139 4299 homines
1160 4252 1283 4313 tanquam
1306 4242 1485 4297 internuntios
1509 4249 1536 4295 et
1559 4240 1732 4312 interpretes,
1761 4239 1809 4309 qui

1016 4335 1078 4390 ltine
1089 4335 1176 4390 lerant
1189 4334 1331 4404 petitiones
1345 4342 1469 4396 nostras,
1486 4331 1548 4387 inde
1560 4330 1676 4387 reserant
1696 4331 1808 4386 deorum

1016 4427 1171 4498 suppetias:
1185 4425 1232 4480 scd
1254 4440 1313 4480 esse
1325 4424 1434 4496 spiritus
1448 4423 1561 4478 nocendi
1573 4423 1778 4494 cupidissimos,
1791 4434 1809 4478 a

1014 4516 1116 4588 justitia
1131 4517 1236 4585 penitus
1254 4516 1365 4581 alienos,
1382 4514 1503 4584 superbia
1521 4514 1647 4578 tumidos,
1664 4510 1809 4567 invidentia

1018 4610 1122 4677 lividus,
1137 4608 1241 4664 fallacia
1255 4607 1365 4663 callides
1381 4625 1388 4661 ε
1401 4609 1446 4677 qui
1460 4607 1486 4660 in
1499 4605 1551 4662 boc
1563 4605 1669 4676 quidem
1682 4618 1745 4660 aere
1758 4601 1808 4657 lt'a-

1016 4701 1112 4766 bitant,
1122 4701 1183 4770 quia
1194 4701 1228 4755 de
1240 4700 1300 4755 coeli
1312 4699 1456 4770 superioris
1464 4694 1741 4764 sublimitatcdejecti,
1751 4707 1808 4750 mc·

1018 4794 1069 4848 rito
1082 4791 1281 4864 irregressibilis
1292 4789 1510 4860 transgressionis
1524 4788 1550 4842 in
1564 4786 1614 4840 boc
1627 4785 1676 4841 sibi
1690 4797 1808 4855 congruo

1018 4885 1089 4940 uelut
1101 4898 1209 4939 carcerc
1223 4880 1395 4952 predamnati
1409 4888 1485 4943 sttnt;
1499 4891 1548 4931 nee
1559 4885 1646 4929 tamen
1657 4874 1716 4944 quia
1728 4887 1808 4944 supra

1020 4987 1104 5031 terras
1115 4984 1142 5029 et
1158 4989 1241 5043 aquas
1259 4973 1315 5026 aeri
1326 4973 1337 5003 ³
1348 4971 1422 5025 locus
1434 4977 1485 5033 est,
1500 4966 1560 5021 ideo
1572 4976 1599 5021 et
1612 4965 1661 5034 ipsi
1675 4972 1739 5020 suut
1749 4978 1809 5018 me-

1018 5066 1077 5122 ritis
1089 5065 1243 5136 superiores
1258 5061 1425 5125 bominibus,
1440 5058 1486 5128 qni
1496 5071 1543 5112 eos
1560 5072 1613 5110 non
1628 5065 1735 5111 terreno
1748 5069 1809 5111 cor·

1019 5174 1094 5229 porc,
1108 5155 1155 5212 sed
1168 5156 1253 5212 electo
1267 5157 1294 5209 in
1307 5153 1433 5207 ottxilinnt
1449 5150 1505 5204 lieo
1518 5163 1593 5213 vern,
1609 5147 1650 5216 pia
1665 5154 1757 5204 mento
1767 5147 1809 5202 la·

1018 5252 1117 5308 cillitne
1130 5259 1255 5319 superum
1271 5243 1319 5316 (a).
1333 5242 1385 5300 Sed
1400 5241 1490 5297 multis
1512 5239 1589 5310 plene
1608 5236 1811 5310 participatione

1051 5432 1060 5463 ¹
1073 5429 1141 5487 editt,
1152 5425 1197 5479 sibi
1208 5423 1305 5477 ummo.
1323 5424 1404 5479 abest,
1422 5416 1476 5477 ribi,
1489 5425 1568 5469 attss.
1580 5423 1651 5468 torte
1668 5413 1810 5478 legendum,

1018 5505 1084 5586 m
1097 5487 1493 5602 uteru

1054 5561 1199 5677 (asftteeloco
1207 5580 1343 5660 daemo’num
1362 5607 1431 5670 plura
1442 5604 1531 5668 passim
1543 5605 1568 5654 ln
1579 5602 1646 5651 hisce
1658 5597 1728 5648 libris
1736 5594 1812 5644 baltct

1023 5687 1056 5728 tu
1092 5678 1179 5727 stinus.
1190 5673 1276 5724 conler
1289 5672 1362 5721 etiam
1373 5668 1417 5718 lib.
1428 5667 1524 5735 dquat.
1537 5664 1593 5716 uotti
1610 5669 1693 5713 contra
1703 5656 1806 5707 uomet.

1018 5753 1047 5790 n.
1091 5733 1422 5801 ,ctdctponccbristianq
1433 5727 1495 5780 md.
