3900 6390
153 297 192 355 ις
840 281 944 338 arsen
962 282 1098 338 narnus.
1749 291 1784 346 tr

156 408 324 467 scenicarum
351 403 463 461 delieata
487 399 647 457 subintravit
668 395 768 454 insania
783 412 790 453 :
805 395 852 450 sed
876 402 948 449 astu·
1000 394 1045 459 rit,
1061 392 1220 463 respondeat
1233 395 1346 452 inimicis
1360 398 1416 454 suis
1433 399 1567 471 redempta
1578 400 1678 459 lamilia
1693 405 1786 462 nnn·

156 500 193 555 ιι,
214 497 356 567 spir-imum
377 492 552 551 nefandarum
567 489 715 561 previdens
735 488 807 543 illam
824 486 948 557 pestilen-
999 487 1027 541 ni
1040 486 1186 550 Christi,et
1198 490 1442 559 peregrinaeivitat
1453 493 1520 565 :egis
1527 494 1637 553 curat.
1650 496 1786 574 [mli

157 590 223 645 tiam
234 591 290 658 lam
303 587 357 644 line
370 584 461 642 debito
474 592 650 647 cessaturam,
664 579 744 635 aliam
757 578 834 649 longe
845 577 949 649 grario-
1000 575 1150 633 llerninerit
1161 593 1236 646 sane,
1249 579 1276 635 in
1286 580 1351 650 ipsis
1366 582 1481 640 inimicis
1491 583 1576 642 latere
1587 587 1660 645 eires
1672 587 1787 656 loturos,

159 695 228 746 gem,
249 694 310 750 qna,
324 677 465 749 plurimum
488 673 594 745 gaudet,
614 688 648 728 ex
665 669 715 726 bae
735 670 875 725 occasione
895 683 949 723 aon
1001 684 1036 724 ne
1059 669 1251 727 inlruetuosum
1270 674 1313 729 rel
1338 673 1408 745 apud
1423 674 1496 746 ipsos
1508 687 1585 749 patet
1604 679 1687 751 quod,
1700 682 1788 739 donec

159 769 328 842 corporibus,
342 767 390 824 sed
402 766 521 822 maribus
532 764 635 821 cnrarit
647 763 808 827 immittere;
822 775 882 832 qne
891 761 950 814 ani·
1001 761 1138 831 perteniat
1153 760 1187 816 ad
1201 761 1340 818 canlcssos
1367 764 1416 836 (a),
1432 776 1520 837 portat
1534 769 1654 827 infensos
1671 773 1741 829 sicut
1754 787 1789 830 ea

162 878 222 920 mos
237 864 395 919 miserarum
414 861 493 915 tantis
508 857 656 914 obcamm
676 854 802 920 tenebris,
819 862 890 909 tanta
904 853 951 909 de·
1002 852 1108 907 illarum
1134 868 1247 910 numero
1272 857 1353 911 etiam
1380 858 1427 913 llei
1448 858 1543 916 civitas
1575 861 1656 919 habet
1684 878 1788 931 secum·

162 954 297 1009 formitate
314 950 433 1014 laedaris,
458 958 487 1004 nt
506 950 587 1005 etiam
600 946 682 1004 modo
695 945 776 1020 (quud
796 944 951 1002 incredibile
1002 944 1128 1015 quamdiu
1141 947 1323 1018 peregrinatur
1342 948 1368 1003 in
1388 950 1496 1014 mundo,
1509 967 1646 1012 connexas
1668 969 1791 1014 eommu-

162 1047 275 1103 inrsitan
288 1046 350 1113 crit,
365 1044 388 1099 si
402 1060 417 1098 a
432 1044 530 1099 ansuis
542 1042 655 1113 posteris
674 1040 819 1112 audietur),
834 1040 951 1093 Romana
1002 1036 1084 1093 aione
1095 1034 1343 1107 sacramentorum,
1359 1056 1410 1097 nec
1429 1056 1520 1099 secnm
1534 1044 1635 1102 laturos
1647 1047 1672 1103 in
1686 1058 1789 1107 eterna

163 1136 232 1194 urbe
256 1145 369 1203 vastata,
390 1151 457 1206 quos
477 1133 627 1205 pestilentia
654 1133 703 1187 ista
723 1132 851 1203 possedit,
873 1138 954 1201 atque

163 1229 228 1286 inde
241 1228 373 1301 fugientes
392 1227 579 1298 Carthaginem
600 1224 743 1296 pertenire
758 1233 911 1295 patuerant,
927 1222 954 1277 in

164 1321 277 1377 theatris
290 1318 409 1390 ‹parotidie
419 1317 542 1373 certatim
557 1331 604 1387 pro
615 1315 785 1371 histrionibus
796 1314 953 1367 insanirent.

184 1454 298 1512 esent
317 1453 438 1512 xxxltt.
454 1482 488 1494 -
503 1450 543 1508 De
565 1451 631 1506 sitiit
655 1451 848 1513 Romanarum,
875 1463 938 1519 quot

360 1547 451 1620 patrie
464 1563 515 1601 neo
529 1545 640 1600 correxit
658 1544 762 1598 coede.

201 1661 227 1718 0
239 1668 343 1717 mentm
354 1667 474 1714 amentes
486 1659 493 1713 l
507 1657 567 1729 quis
581 1665 623 1711 cst
632 1655 676 1711 bic
689 1663 789 1721 tantos,
801 1668 854 1708 ann
868 1666 955 1733 error,

167 1753 218 1810 sed
232 1753 315 1820 lnror,
325 1761 356 1807 ut
367 1750 476 1806 exitinm
488 1757 602 1804 nmmum
617 1747 696 1819 (sicut
709 1745 869 1815 andivimus)
882 1744 958 1815 plan-

168 1846 294 1917 gentibus
305 1844 480 1900 orientalibus
495 1841 609 1912 populis,
624 1848 652 1896 et
672 1839 796 1895 maximis
808 1837 959 1894 antiatibus

168 1940 197 1994 in
209 1936 397 1994 remotissimis
409 1936 488 1991 terris
504 1933 636 2004 publicum
650 1932 749 1988 luctum
763 1945 960 2001 maeroremque

167 2029 340 2092 decernibus,
360 2041 408 2082 nas
430 2026 535 2082 theatra
557 2023 722 2095 tpamrcrctis,
747 2021 959 2085 intraretisim·

170 2121 300 2191 ploretis,
323 2127 352 2173 et
371 2119 454 2173 nrnlto
469 2116 619 2180 insaniora,
640 2128 720 2184 quam
739 2112 845 2168 lucrant
862 2120 958 2176 antea,

171 2208 314 2264 laceretis?
339 2207 413 2263 lianc
433 2208 582 2262 animarum
606 2204 691 2259 lahem
716 2218 748 2259 ac
771 2212 871 2272 pestem
893 2203 961 2258 hanc

172 2299 312 2369 probitatis
332 2298 520 2354 ethonestatis
534 2295 700 2352 erersinnem
720 2295 797 2350 nobis
810 2293 899 2364 Scipio
918 2294 961 2348 ille

171 2389 318 2453 rnctuehat,
328 2388 433 2458 quando
440 2388 559 2444 construi
568 2387 670 2442 theatra
679 2385 846 2456 prohibebat,
855 2384 961 2455 aptando

170 2483 254 2538 rebus
276 2480 412 2551 prosperis
437 2494 485 2534 nas
514 2478 592 2533 lncile
611 2477 747 2547 corrumpi
771 2486 851 2546 atique
877 2475 960 2531 enerti

172 2590 254 2645 posse
268 2573 405 2639 cernebat,
420 2572 527 2644 qnando
541 2586 588 2625 ros
603 2570 636 2626 ab
655 2569 745 2624 hastili
768 2579 870 2623 terrore
885 2583 962 2623 seca·

173 2680 220 2721 ros
233 2680 294 2721 esse
313 2664 429 2720 nolebat.
446 2663 536 2734 Neque
558 2663 630 2718 enirn
652 2660 779 2716 censebat
801 2659 845 2714 ille
859 2657 962 2713 icliccm

173 2770 235 2812 esse
248 2755 436 2824 rempublicam
451 2753 584 2810 stantibus
597 2752 739 2818 amnibus,
754 2750 891 2806 ruentibus
903 2765 963 2805 mo-

173 2846 260 2906 rihtts.
284 2845 337 2902 scd
350 2846 376 2900 in
390 2844 466 2899 robis
481 2844 539 2912 plns
552 2843 633 2897 naluit
651 2841 721 2911 quad
734 2839 870 2895 demones
889 2838 964 2909 impii

175 2938 350 3002 secluserunt,
371 2953 451 3007 quam
472 2935 542 3006 ‹pnod
564 2934 686 2990 homines
708 2933 811 3003 providi
833 2945 965 3002 praecare·

173 3040 247 3087 rnnt.
261 3031 329 3089 ilinc
340 3040 382 3086 cst
395 3029 465 3100 qnod
487 3028 555 3082 mala
569 3043 629 3098 quse
643 3025 739 3091 lacitis,
753 3026 828 3080 robis
841 3022 965 3096 imputari

176 3137 230 3182 non
246 3121 346 3187 rultis;
362 3121 431 3175 mala
446 3134 509 3175 reru
519 3134 578 3189 quse
593 3117 723 3186 patimini,
737 3115 889 3171 cin-istianis
899 3124 966 3169 tem·

175 3212 286 3283 paribus
308 3210 455 3282 imputatis.
474 3209 566 3280 Neque
587 3209 658 3263 enim
674 3208 701 3262 in
715 3216 802 3262 nestra
823 3206 966 3270 sccuritate

175 3315 298 3376 picarum
320 3303 521 3374 rempublicam,
537 3302 584 3357 sed
604 3300 735 3356 luxuriam
749 3299 868 3371 queritis
879 3301 965 3368 impu·

175 3396 271 3460 tritam,
285 3392 330 3464 qui
345 3393 481 3464 depravati
495 3391 574 3448 reltns
586 3389 730 3462 prosperis,
749 3404 799 3444 nee
811 3388 907 3458 corrigi
918 3401 966 3458 pa·

175 3485 266 3541 tuistis
283 3483 413 3538 adversis.
436 3480 549 3538 Volebat
568 3496 615 3536 ros
638 3480 682 3535 ille
704 3477 794 3548 Scipio
816 3476 913 3534 terreri
932 3475 980 3535 ab.

178 3576 266 3643 hoste,
286 3589 320 3630 ne
333 3574 360 3629 in
376 3573 510 3629 luxuriam
528 3570 647 3628 lucretis
658 3589 666 3638 3
679 3587 727 3626 nas
749 3585 799 3626 nee
812 3568 919 3626 contriti
932 3568 967 3624 ab

176 3666 256 3722 haste
281 3666 412 3721 luxuriam
439 3663 604 3735 repressistis
624 3662 801 3733 :perdidistis
827 3661 966 3719 utilitatem

174 3761 345 3828 calamitatis,
360 3767 388 3817 ct
402 3759 544 3816 miserrimi
566 3758 628 3814 lancti
651 3774 666 3813 e
686 3772 726 3821 ·s,
744 3767 774 3812 et
784 3756 892 3827 pessimi
905 3771 967 3827 per·

178 3857 323 3912 nransistis.

176 3969 291 4029 CAPUT
305 3968 469 4026 XXXIV.-
481 3968 520 4023 De
530 3968 660 4023 clementia
674 3966 729 4032 aa,
745 3982 801 4038 quer
812 3965 887 4022 Uthit
896 3965 965 4020 esci·

455 4062 525 4115 diurn
539 4061 691 4130 tenrpernait.

213 4179 246 4234 Et
256 4189 344 4233 tamen
359 4177 430 4246 qnod
443 4176 540 4234 vivitis.
554 4175 598 4230 llci
611 4184 669 4237 est;
685 4174 730 4243 qrri
744 4173 819 4226 nabis
833 4168 966 4240 parcenda

178 4272 314 4335 almonet,
327 4281 355 4326 nt
368 4272 535 4342 corrigamini
550 4268 722 4339 paenitendo:
737 4268 781 4339 qui
796 4267 872 4322 nobis
885 4268 966 4322 etiam

180 4365 288 4435 ingratis
302 4364 434 4433 pra-stitit,
450 4363 534 4417 atrei
548 4361 600 4418 sab
614 4361 721 4416 nomine
734 4374 872 4414 serrorum
890 4357 965 4427 ejus,

179 4457 220 4511 rel
233 4457 259 4509 in
275 4455 341 4511 locis
350 4464 496 4524 martyrum
510 4452 568 4522 ejus
581 4451 691 4507 hostiles
705 4464 799 4505 matins
808 4448 965 4515 evaderetis,

179 4544 325 4618 [xxxin]
354 4545 482 4599 llonrnlns
505 4555 533 4598 et
546 4541 646 4597 Renrns
669 4541 772 4612 asylum
796 4539 966 4596 constituisse

180 4638 363 4708 perhibentur,
376 4653 429 4706 qna
441 4635 561 4706 quisquis
577 4632 742 4704 conlegerat,
754 4632 788 4688 ab
801 4631 874 4687 omni
897 4645 966 4686 nota

180 4729 250 4785 iiber
261 4742 343 4796 esset,
356 4743 455 4798 angere
467 4735 617 4797 querentes
629 4724 752 4780 creandte
771 4722 965 4778 multitudinem

178 4820 303 4875 civitatis.
323 4817 470 4874 ilirandnm
492 4818 519 4873 in
542 4817 671 4872 bonorem
686 4814 783 4870 Christi
804 4818 965 4883 praeessrt¹

178 4909 341 4980 exemplum.
366 4909 422 4964 ilac
435 4908 628 4964 constituerunt
643 4919 781 4962 eversores
792 4903 882 4971 Urbis,
896 4905 966 4974 qnod

179 5003 373 5056 constituerant
384 5009 461 5056 antea
472 5000 633 5056 conditores.
644 4998 713 5066 Quid
726 5006 813 5052 annm
829 5012 964 5068 magnum,

180 5092 203 5146 si
218 5091 269 5147 bac
283 5091 402 5148 lecerunt
414 5093 463 5158 illi,
482 5100 511 5147 ut
524 5091 620 5146 cirinm
634 5105 742 5146 suarum
762 5103 887 5143 nnmerns
900 5103 965 5158 snp-

180 5187 308 5257 plcretar,
321 5185 391 5255 quod
406 5184 526 5241 lecerunt
546 5184 589 5239 isti
602 5223 610 5246 ,
625 5191 652 5237 nt
663 5196 773 5237 snorum
787 5179 901 5235 bastimn
917 5194 967 5234 mr·

180 5279 323 5334 rnerositas
336 5277 505 5332 servaretur?

1004 1136 1077 1184 sorte
1090 1137 1260 1199 sanctarum;
1275 1132 1319 1202 qni
1346 1133 1442 1204 partim
1463 1135 1491 1191 ia
1514 1139 1630 1209 occulto,
1645 1144 1741 1212 partim
1762 1145 1790 1201 la

1005 1228 1099 1292 aperto
1113 1231 1196 1288 sunt;
1210 1223 1255 1295 qui
1279 1224 1359 1280 etiam
1382 1241 1443 1282 eum
1458 1228 1523 1298 ipsis
1535 1228 1649 1289 inimicis
1659 1233 1792 1292 adneraus

1006 1311 1089 1366 herrm
1102 1353 1109 1376 ,
1124 1313 1201 1383 cujas
1220 1324 1416 1371 sacramentnm
1427 1328 1521 1389 gerunt
1532 1360 1539 1384 ,
1552 1336 1719 1381 murmurare
1737 1296 1792 1384 nun

1007 1402 1138 1468 dubitant,
1151 1404 1231 1460 moda
1244 1421 1304 1461 cum
1318 1407 1370 1463 illis
1385 1407 1499 1478 theatra,
1515 1412 1593 1468 moda
1606 1416 1734 1473 eeclesias
1744 1422 1794 1474 na·

1006 1495 1109 1551 biscnm
1125 1499 1268 1568 replentes.
1280 1499 1319 1555 Dc
1331 1502 1499 1559 correctione
1508 1515 1597 1562 aatem
1617 1510 1793 1579 qnommdam

1007 1588 1086 1643 etiam
1106 1589 1196 1644 taliam
1210 1589 1294 1645 multa
1313 1591 1453 1650 minnsest
1464 1593 1670 1667 desperandam,
1686 1601 1710 1657 si
1723 1601 1793 1673 apud

1008 1679 1191 1748 apertissimos
1205 1679 1372 1738 annonarios
1385 1683 1566 1754 pradestlnati
1581 1689 1659 1746 antici
1675 1692 1792 1760 latitant,

1008 1769 1096 1824 adlrnc
1111 1770 1193 1839 ignoti
1207 1770 1288 1827 etiam
1309 1771 1370 1828 sibi.
1387 1774 1525 1846 Perplexa
1535 1780 1633 1851 quippe
1656 1793 1719 1839 sant
1733 1785 1792 1842 istae

1008 1861 1068 1917 dnae
1081 1863 1204 1921 civitates
1222 1865 1249 1920 in
1271 1865 1322 1922 hoc
1335 1867 1444 1935 seculo,
1457 1870 1624 1944 invicemque
1634 1876 1794 1946 permixtas,

1009 1954 1096 2010 dorrec
1109 1955 1202 2011 ultima
1212 1956 1313 2027 iudicia
1326 1958 1484 2017 dirimantur
1497 1979 1505 2016 :
1524 1962 1558 2018 de
1574 1979 1687 2034 quarum
1700 1977 1794 2024 crarta

1010 2052 1039 2100 n
1055 2058 1223 2115 pinnensi
1236 2047 1333 2104 learns
1351 2048 1460 2112 currus.
1480 2053 1552 2122 quoa
1573 2053 1717 2113 nroenaun
1728 2046 1803 2116 nnn

1011 2145 1076 2202 tror,
1100 2147 1228 2209 quantam
1258 2139 1383 2196 divinitus
1404 2142 1558 2213 adjuvabor,
1571 2147 1721 2217 expediam,
1738 2165 1798 2221 pru·

1012 2237 1069 2298 pter
1083 2229 1193 2299 gloriam
1207 2231 1321 2287 civitatis
1337 2232 1402 2298 bei,
1416 2249 1476 2305 qnae
1488 2236 1583 2292 alienis
1602 2239 1610 2270 ¹
1629 2253 1644 2293 a
1660 2242 1798 2299 contraria

1011 2321 1171 2390 comparatis
1181 2323 1280 2379 clarius
1289 2324 1427 2380 eminebit.

1010 2496 1124 2554 caret
1143 2497 1262 2556 xxxvl.
1273 2498 1359 2554 -De
1369 2500 1458 2571 quibas
1468 2503 1551 2557 canas
1561 2505 1674 2574 maenti
1681 2506 1799 2578 dispate-

1254 2590 1321 2645 tione
1332 2592 1365 2645 tit
1377 2591 1562 2648 dirtcrrndnm.

1048 2742 1102 2801 Sed
1125 2743 1212 2799 adbuc
1235 2745 1354 2815 quaedam
1369 2744 1434 2801 mihi
1457 2745 1570 2804 dicenda
1593 2751 1799 2810 suntadrcrsut

1013 2851 1070 2900 eos,
1085 2837 1131 2907 qui
1145 2835 1272 2892 hamane
1285 2837 1437 2908 reipublice
1449 2838 1538 2895 clades
1546 2840 1573 2896 in
1588 2842 1744 2915 religionem
1753 2860 1801 2902 nu·

1014 2939 1097 2982 stram
1125 2926 1260 2992 relernnt,
1284 2943 1336 2999 qua
1362 2928 1415 2984 diis
1438 2931 1494 2985 suis
1523 2932 1676 2990 sacrilleare
1708 2935 1800 3006 probl-

1015 3019 1121 3074 bentnr.
1136 3019 1372 3075 Canrmemorantla
1388 3021 1460 3077 enim
1481 3030 1544 3077 snnt
1570 3038 1631 3096 que
1655 3035 1683 3082 et
1703 3037 1801 3099 quanta

1015 3126 1156 3167 accurrere
1168 3111 1311 3181 potuerint,
1327 3113 1368 3168 vel
1386 3114 1451 3168 satis
1470 3130 1530 3170 esse
1542 3116 1712 3189 ridebuntur,
1733 3121 1802 3178 mala

1015 3219 1074 3270 qnae
1089 3203 1133 3256 illa
1147 3203 1241 3257 civitas
1258 3203 1376 3274 pertulit,
1393 3205 1434 3260 rel
1447 3205 1479 3260 ad
1496 3206 1555 3277 ejus
1577 3207 1718 3278 imperium
1742 3226 1804 3283 per·

1017 3294 1131 3348 tinentes
1145 3293 1299 3363 provinciae,
1310 3304 1451 3366 antequam
1465 3312 1559 3353 eornm
1570 3298 1699 3357 sacriheia
1711 3303 1801 3373 prohi-

1017 3383 1070 3440 bita
1084 3381 1196 3439 inissent
1211 3400 1218 3438 :
1235 3399 1295 3455 ane
1309 3387 1397 3440 orrrnla
1412 3387 1598 3456 proculdubio
1613 3392 1690 3447 nobis
1705 3394 1801 3451 tribue·

1017 3484 1087 3541 rent,
1101 3474 1123 3530 si
1134 3474 1190 3544 jam
1205 3475 1247 3530 vel
1266 3475 1317 3530 illis
1338 3477 1452 3532 clareret
1470 3488 1561 3534 nostra
1576 3480 1743 3552 religio,rel
1762 3485 1799 3541 lta

1016 3578 1064 3619 ens
1077 3579 1092 3618 a
1106 3564 1192 3620 sacris
1205 3563 1343 3636 sacrilegis
1356 3565 1521 3636 prohiberet.
1538 3568 1639 3626 Deinde
1653 3585 1807 3630 nmnstran-

1016 3660 1078 3715 dnm
1091 3668 1149 3725 est,
1163 3675 1231 3730 iquos
1244 3674 1337 3715 earnm
1355 3676 1453 3727 mores,
1467 3671 1494 3716 ct
1503 3677 1583 3734 qnam
1596 3664 1748 3722 obcansam
1760 3684 1807 3725 re.

1017 3767 1063 3806 rna
1077 3752 1149 3808 Deus
1168 3752 1202 3807 ad
1220 3752 1369 3822 aagendam
1385 3753 1525 3823 imperinm
1540 3755 1667 3826 adjurare
1681 3759 1807 3831 dignatus
1891 3776 1894 3783 ’

1016 3855 1068 3910 est,
1082 3847 1107 3900 in
1125 3846 1201 3916 cnjus
1214 3854 1345 3916 potestate
1359 3856 1421 3901 sunt
1442 3863 1523 3919 regna
1540 3852 1648 3920 omnia;
1672 3868 1806 3927 quamque

1018 3938 1082 3992 nillil
1096 3952 1143 3993 eos
1157 3937 1307 4008 adjuverint
1319 3939 1363 4004 hi,
1382 3952 1450 4008 quas
1464 3939 1531 3997 deos
1549 3951 1661 4012 putant,
1675 3945 1737 4016 qnlrr
1754 3962 1803 4019 po-

1017 4030 1070 4084 tins
1093 4040 1219 4101 qnantum
1232 4027 1390 4100 decipiendo
1415 4038 1443 4085 ct
1461 4028 1577 4088 lallando
1591 4036 1740 4093 nocuerint.
1753 4039 1806 4095 Pa·

1016 4132 1116 4176 strumo
1129 4119 1256 4175 adversus
1270 4134 1318 4175 eas
1332 4118 1445 4187 dicetur,
1460 4124 1505 4193 qui
1520 4123 1744 4184 manifestissimis
1756 4129 1805 4186 do·
1821 4159 1823 4163 ν

1017 4213 1148 4268 cementis
1160 4210 1286 4266 corilutmi
1299 4220 1378 4282 atque
1395 4216 1508 4270 contricti
1529 4226 1662 4273 corrantnr
1671 4236 1805 4291 asserere,

1016 4323 1069 4362 nan
1084 4318 1191 4376 propter
1211 4307 1272 4362 rite
1290 4308 1431 4379 praesentis
1448 4308 1610 4374 utilitatem,
1626 4312 1673 4368 sed
1689 4324 1802 4386 propter

1017 4415 1076 4455 enm
1088 4441 1096 4462 ,
1110 4414 1169 4469 qnae
1192 4408 1252 4469 post
1273 4409 1387 4455 mortem
1412 4400 1498 4455 latura
1514 4409 1564 4466 est,
1579 4403 1707 4459 colendos
1728 4407 1805 4462 deos.

1017 4492 1104 4561 erae,
1130 4491 1179 4546 nisi
1210 4490 1296 4557 lallor,
1310 4492 1423 4562 quaestio
1444 4491 1526 4546 multo
1541 4493 1591 4549 erit
1609 4496 1758 4565 operosior,
1778 4507 1807 4554 ct

1017 4582 1173 4640 sublimiore
1186 4583 1196 4613 ¹
1209 4580 1392 4650 disputatione
1410 4581 1534 4653 dignior;
1550 4592 1578 4636 nt
1594 4592 1622 4639 et
1634 4593 1727 4640 contra
1742 4587 1804 4658 phi-

1017 4673 1143 4743 losophos
1158 4673 1185 4727 in
1208 4688 1238 4728 ea
1252 4670 1416 4739 disseratur,
1446 4688 1498 4727 nan
1513 4673 1665 4744 quaslibet,
1688 4676 1736 4731 scd
1758 4679 1803 4749 qni

920 4813 926 4824 ‚
1018 4764 1088 4835 aqnnd
1103 4763 1161 4818 illos
1175 4762 1396 4821 excellentissima
1412 4762 1567 4834 gloriariari
1580 4772 1658 4830 sunt,
1672 4772 1699 4820 et
1713 4767 1804 4824 nabis·

1017 4874 1077 4912 cnm
1103 4856 1183 4911 multa
1216 4855 1353 4918 sentinat,
1378 4852 1491 4925 seilicet
1511 4852 1546 4909 de
1570 4855 1665 4910 animm
1692 4856 1807 4915 immon-

1019 4950 1118 5004 talitnte
1135 4988 1143 5013 ,
1161 4957 1188 5002 et
1205 4946 1274 5017 qnod
1302 4960 1380 5002 verns
1400 4944 1471 5000 Deris
1489 4943 1616 4999 mundum
1636 4945 1803 5018 condiderit,

1018 5050 1045 5095 et
1068 5038 1101 5094 ilc
1122 5037 1288 5107 providentia
1312 5036 1380 5106 rins,
1400 5050 1451 5105 qna
1474 5035 1637 5102 anritersnm,
1653 5039 1723 5109 qnod
1738 5056 1803 5097 can.

1050 5282 1059 5312 r
1077 5287 1129 5329 mg,
1141 5277 1285 5340 pompatici,
1297 5272 1404 5324 allentt't·

1049 5344 1059 5374 ι
1076 5339 1144 5389 erud.
1154 5347 1203 5387 ιω.
1212 5347 1238 5387 et
1248 5344 1301 5386 tlss.
1312 5348 1398 5397 niagno
1408 5344 1537 5392 consensa,
1546 5333 1676 5386 mitiliore.
1689 5342 1736 5396 an,
1747 5337 1803 5389 orb·

151 5371 152 5375 Ἰ
179 5389 295 5447 carth
316 5386 524 5445 arith-ae
545 5387 677 5443 latratibus
692 5387 756 5441 inter
772 5385 864 5455 impiet
879 5385 967 5440 Eccle-
1017 5403 1179 5456 gig-rum
1189 5398 1245 5449 eqd,
1258 5395 1496 5460 nosnoslegendnm
1506 5396 1694 5454 assandum
1726 5405 1755 5448 tt.

215 5484 261 5537 tite
276 5481 347 5550 fiilia,
363 5480 431 5536 etde
446 5478 519 5550 {nisis
532 5479 600 5533 intra
613 5476 753 5532 Ecclesiam
774 5475 928 5530 christiania.

216 5572 280 5628 lime
292 5581 321 5630 et
339 5572 412 5640 talia,
426 5570 448 5627 sl
463 5585 515 5641 qna
530 5569 638 5626 uberius
651 5578 679 5624 et
691 5567 859 5625 commodius
871 5577 966 5639 potae·

178 5672 410 5797 “gazensis
422 5695 477 5734 cum
496 5680 573 5743 rna,
586 5679 707 5745 mnne.
719 5682 796 5734 -sn
807 5679 967 5732 samanar

1050 5488 1086 5551 (a)
1101 5483 1243 5544 oenlessos,
1265 5495 1315 5532 nan
1336 5480 1500 5531 declaratione
1520 5481 1620 5540 ultima,
1638 5493 1693 5530 cnm
1712 5490 1805 5554 aperto

1019 5557 1092 5603 erunt
1101 5547 1256 5596 conscientie
1267 5545 1292 5593 ia
1303 5546 1383 5595 lutura
1403 5545 1459 5600 rita,
1472 5551 1499 5593 nt
1507 5543 1637 5592 londoniens
1648 5544 1719 5595 tices
1730 5551 1805 5595 mter·-

1019 5619 1143 5678 pretatm;
1154 5607 1198 5657 sed
1263 5606 1369 5657 tensione
1383 5605 1520 5655 christiane
1530 5603 1600 5659 lldei,
1620 5616 1675 5666 qnae
1689 5605 1721 5654 ab
1738 5606 1768 5657 ils
1779 5606 1805 5656 ia

1020 5678 1067 5726 rlta
1083 5669 1199 5735 presenti
1236 5670 1270 5719 cri
1288 5668 1378 5730 debet,
1393 5675 1421 5717 ttt
1438 5666 1467 5717 ad
1486 5666 1571 5718 christi
1588 5663 1702 5718 lambitat
1718 5665 1805 5717 mant-

1019 5743 1108 5791 anilii.
