3900 6390
153 254 190 314 bb
815 250 917 310 stituit
934 248 1120 308 secubitus
1755 251 1792 313 lb

156 371 209 426 inst
230 368 257 424 in
271 382 303 424 ea
316 366 469 438 republica,
485 366 560 438 cuius
574 365 696 423 conditor
708 374 848 437 rectorque
869 365 943 421 Clui-

156 470 214 514 stus
226 469 285 521 est:
300 461 321 514 si
334 470 362 515 et
373 474 456 530 ipsam
466 456 656 528 rempublicam
667 458 753 528 placet
765 456 864 523 dicere,
880 472 947 527 qun·

157 551 229 606 niam
242 567 302 607 cum
319 566 375 606 reru
391 549 479 622 populi
493 564 553 604 esse
575 563 672 619 negare
686 563 740 602 uon
755 561 907 618 possumus.
919 543 947 602 st

157 651 250 696 autem
261 639 312 695 boc
326 655 434 706 nornen,
447 637 519 709 quod
531 636 595 693 alibi
608 637 738 708 aliterque
750 637 884 707 uulgatum
895 644 947 704 est,

157 731 193 785 ab
206 747 256 787 usu
278 739 377 785 nostrae
396 729 537 784 locutionis
556 737 598 785 est
619 727 689 784 sorte
707 727 835 783 remotius
847 742 855 792 ;
868 726 894 781 in
916 741 947 782 ea

158 833 234 880 certe
260 822 368 878 ciuitate
390 831 431 876 est
451 836 514 876 uera
534 820 657 891 justitia,
682 818 717 875 de
739 833 790 889 qua
811 817 948 889 Scriptura

162 925 255 971 saincta
273 915 353 979 dicit,
370 912 487 968 Gloriosa
513 912 582 966 dictis
595 921 654 966 sitiit
677 911 709 965 de
729 920 773 977 te,
791 909 878 963 ciuitas
902 907 950 963 nes

160 1004 247 1078 (Paul.
263 1019 376 1071 iussit,
390 1003 429 1076 5).

159 1116 273 1174 uteba
289 1115 369 1171 xxti.
382 1145 418 1158 --
426 1114 501 1182 Quod
513 1114 562 1170 diii
574 1113 745 1168 Romanorum
758 1112 828 1166 iiiillu
840 1129 950 1183 uisquoni

195 1226 259 1266 curu
272 1208 357 1280 lusit,
369 1223 401 1262 uc
412 1206 486 1261 mulis
500 1207 611 1260 moribus
624 1204 763 1276 respublica
779 1204 913 1276 deperiret.

196 1305 224 1358 l.
238 1301 291 1358 Sed
303 1300 372 1371 quod
388 1299 504 1370 pertinet
525 1297 558 1352 ad
583 1308 739 1368 praesentem
755 1302 950 1369 quaestionem,

160 1393 308 1466 quamlibet
335 1389 493 1446 laudabilem
517 1389 607 1446 dicant
625 1390 702 1445 istaut
725 1388 806 1445 luisse
830 1390 871 1445 vel
891 1404 951 1446 esse

161 1483 369 1555 rempublicam,
382 1479 528 1536 secundum
543 1494 635 1534 corum
650 1490 773 1536 auctores
783 1481 952 1537 doctissimus

159 1577 215 1648 lam
242 1576 393 1645 longsante
404 1570 502 1627 Christi
515 1571 658 1626 adveutum
685 1572 797 1641 pessima
821 1587 853 1626 ac
875 1571 952 1643 llagi·

162 1666 306 1723 tiosissima
319 1663 388 1720 lacta
407 1670 465 1719 erut
489 1681 495 1716 :
522 1666 658 1718 imovero
680 1663 752 1719 nulla
776 1675 850 1730 erait,
872 1674 952 1736 atque

162 1756 273 1813 oinniao
285 1754 400 1826 perierat
421 1753 606 1824 perditissimis
625 1752 753 1808 moribus.
769 1753 804 1810 Ut
817 1770 881 1826 erpo
900 1772 952 1812 uoii

163 1850 284 1921 periret,
308 1847 345 1902 dii
363 1845 488 1901 custodes
507 1846 565 1914 ejus
587 1844 685 1914 populo
708 1846 801 1900 cultori
822 1861 870 1902 suo
889 1847 953 1903 dare

163 1942 306 2014 praecipuae
320 1939 380 1996 ritu
392 1953 424 1992 ac
436 1952 540 1992 nioruni
555 1946 686 2007 praeopta
700 1936 858 2004 debuemus,
873 1954 954 2009 aquo

163 2040 203 2089 tot
215 2029 342 2100 templis,
364 2036 403 2082 tot
420 2025 603 2082 sacerdotibus
618 2035 645 2082 et
663 2027 852 2083 sacrificiorum
874 2044 954 2099 gerie-

162 2120 258 2188 ribus,
272 2127 325 2174 tant
340 2113 529 2187 multiplicibus
548 2115 681 2185 uariisque
694 2115 797 2182 sacris,
818 2124 857 2170 tot
881 2117 954 2173 lestis

161 2208 398 2274 solemnitatibus,
415 2217 451 2263 tot
467 2215 653 2277 tantorumque
672 2206 793 2261 ludorum
816 2208 953 2264 celebrita-

162 2304 234 2361 tibus
247 2301 423 2358 colebantur:
441 2299 485 2354 ulii
507 2298 574 2354 nibil
599 2299 735 2356 dusinunes
748 2300 800 2357 nisi
821 2303 953 2372 negotium

161 2410 240 2452 suum
259 2402 389 2464 eperum,
404 2407 456 2447 nnn
471 2400 595 2445 curantes
612 2389 835 2462 quemadmodum
852 2394 888 2448 illi
914 2393 955 2449 ii·

160 2495 274 2550 serent,
290 2485 345 2539 imo
358 2491 482 2538 curantes
496 2491 525 2536 ut
537 2482 616 2537 etlam
631 2483 734 2551 perdite
749 2484 876 2548 virerent,
890 2485 954 2542 dum

162 2589 252 2635 anien
268 2576 363 2632 bonori
376 2589 426 2631 suo
441 2574 485 2628 illa
501 2573 590 2629 onmia
605 2583 676 2629 metu
696 2574 794 2630 subditi
817 2577 954 2634 ministra·

160 2681 232 2731 rent.
259 2674 312 2729 but
335 2672 358 2728 si
391 2671 542 2739 dederuut,
577 2671 747 2741 proteratur,
783 2673 954 2742 ostendatur,

162 2765 278 2836 legatur,
292 2778 358 2835 quas
382 2763 493 2818 deorum
517 2762 589 2833 leges
612 2763 766 2818 illiciultati
792 2764 867 2821 datas
891 2780 956 2822 cou-

161 2857 323 2928 tempserint
336 2855 449 2911 Graccbi
465 2852 514 2926 (o),
529 2863 559 2908 ut
572 2853 746 2909 seditionibus
759 2865 853 2910 cuncta
866 2855 956 2911 turba-

164 2959 326 3019 rent3quas
348 2947 445 3003 ilarius
466 2946 513 3017 (b),
529 2954 555 3001 et
567 2946 651 3000 Cinna
676 2945 724 3016 (c),
740 2958 767 3001 ct
791 2947 877 3003 Carbo
900 2946 952 3021 (d),

167 3053 198 3098 ut
210 3043 237 3098 in
252 3042 321 3098 bella
335 3041 415 3097 etiani
430 3038 654 3112 progrederentur
674 3039 777 3104 ciuilia,
797 3043 883 3096 causis
905 3040 956 3098 iiii·

164 3133 305 3205 quissimis
327 3139 461 3202 suscepta,
476 3141 504 3186 et
517 3130 660 3184 erudi-liter
672 3141 745 3199 gesta
769 3131 955 3202 crudeliusque

164 3224 256 3290 linita;
282 3237 349 3294 quas
375 3221 489 3291 denique
512 3220 585 3291 Sylla
612 3220 839 3290 ipse(c),en1'us
862 3223 953 3290 sitatis,

166 3313 355 3382 niores,iaeta,
367 3311 535 3368 describente
555 3309 680 3365 Sallustio
698 3309 810 3380 aliisque
838 3309 955 3368 bistoriae

164 3404 356 3475 scriptoribus,
369 3403 428 3474 quis
447 3416 500 3457 non
523 3401 686 3455 erliorrcatl
698 3399 763 3467 Quis
784 3400 856 3455 illuni
881 3416 953 3456 reui-

162 3495 296 3568 publicam
316 3508 368 3548 nou
382 3502 444 3547 tunc
457 3491 558 3560 perisse
570 3487 706 3545 lateaturl

196 3585 225 3641 2.
245 3585 285 3639 bu
314 3582 382 3637 luite
408 3589 516 3651 propter
538 3578 719 3650 hujuscemodi
745 3579 842 3634 ciuium
866 3596 954 3638 inores

164 3676 334 3748 virgilianam
349 3674 419 3728 illain
435 3671 609 3735 sententiani,
629 3670 698 3726 sieut
710 3670 813 3733 solent,
837 3686 885 3743 pro
904 3673 954 3728 de·

162 3769 284 3824 lensioue
297 3780 406 3821 suorum
420 3762 530 3818 deorum
543 3775 679 3830 opponere
691 3759 844 3830 audebunt,

193 3859 334 3908 tiscessere
344 3866 429 3904 ornnes
438 3853 518 3963 stiffi
525 3851 623 3915 arisque
634 3848 727 3901 relictis

193 3921 228 3982 til,
239 3919 328 3983 quibus
338 3917 465 3979 imperium
516 3910 647 3984 ¹steterat?

436 3974 548 4039 (muid-
560 3972 602 4023 lsb.
614 3971 709 4031 zecri.
720 3972 775 4033 sss,
784 3971 856 4035 552.)

162 4063 282 4120 rumim
303 4061 326 4117 si
340 4064 376 4115 lta
390 4069 449 4123 est,
467 4074 519 4113 non
534 4055 632 4110 babent
645 4070 693 4110 cur
706 4067 850 4125 querantur
862 4055 895 4111 de
909 4071 952 4111 re·

161 4154 261 4228 ligione
272 4152 414 4210 eliristiana
426 4191 435 4216 ,
449 4148 519 4221 quod
535 4147 584 4202 liae
594 4145 688 4201 eliensi
702 4159 750 4200 eos
759 4144 795 4199 dii
815 4146 858 4228 sui
874 4145 953 4203 dese·

162 4250 266 4306 ruerint
281 4265 288 4301 :
301 4245 427 4318 quioniam
440 4241 546 4313 quideni
560 4240 673 4309 niujores
683 4252 775 4293 eorum
786 4236 841 4306 jain
851 4238 953 4307 pridem

162 4341 282 4397 moribus
297 4337 353 4393 suis
370 4335 405 4390 ab
416 4334 494 4391 Urbis
507 4330 634 4387 altaribus
649 4338 702 4384 tani
714 4328 812 4383 inultos
822 4342 853 4382 ac
863 4328 953 4383 niiuu·

163 4445 205 4489 tus
229 4431 311 4494 deos,
331 4438 456 4498 tauquam
484 4435 589 4480 muscas
609 4421 765 4492 abegerunt.
785 4420 838 4476 Sed
864 4430 952 4477 tamen

163 4525 221 4580 linc
234 4521 371 4577 numinum
395 4517 471 4574 turba
491 4515 536 4571 ubi
559 4523 632 4578 erat,
645 4527 705 4567 curn
721 4512 799 4583 longe
810 4522 951 4582 auteipiam

194 4634 358 4702 (altbertus
373 4630 492 4683 (bacchus
507 4634 534 4679 et
551 4627 619 4676 oelus
633 4627 687 4688 ejus
703 4623 787 4674 frater.
808 4623 864 4674 side
879 4638 953 4689 supra

162 4698 327 4824 wilstanus
337 4756 463 4816 municeps
473 4751 572 4814 supinas
587 4747 641 4807 luit,
650 4749 691 4811 qui
704 4753 782 4796 bomar
792 4748 886 4810 septlcs
896 4761 953 4799 con-

163 4820 199 4873 sul
220 4828 259 4872 est
269 4826 375 4877 creatus,
394 4813 584 4877 actngurtbam,
594 4811 702 4864 cimbros
717 4817 743 4859 et
753 4815 874 4880 'scamnis
886 4812 951 4860 sicit.

163 4885 194 4933 sd
203 4890 343 4933 extremum
354 4886 436 4929 autem
443 4884 508 4925 moto
518 4887 573 4924 cuin
584 4872 645 4937 sylla
656 4869 951 4934 bellociuili,iietusi1se

163 4953 202 4996 est
214 4953 239 4994 et
251 4944 276 4991 iu
287 4941 386 4991 tibicini
397 4939 467 5001 iugis.
652 4996 657 5006 Ι
702 4993 707 5004 ⁸
750 4993 755 5004 Ι

196 5006 232 5067 (c)
245 5005 309 5054 sisso
319 5005 400 5061 uuio,
412 4997 508 5050 eumad
519 4995 612 5046 bellurn
631 4991 813 5066 stitbridatieum
823 4991 883 5056 sylla
895 5006 951 5056 pro-

163 5067 323 5117 lleisceretui.
334 5061 471 5111 cornelium
480 5059 577 5107 cinnam
587 5065 614 5107 et
622 5062 664 5104 cn.
673 5061 795 5104 octarium
804 5054 950 5128 consulesin

163 5131 226 5178 trtic
237 5125 345 5188 reliquit.
358 5125 432 5172 muna
448 5120 527 5171 sudio
546 5131 628 5168 rerum
640 5128 755 5187 nouarum
769 5112 891 5189 auellegu
901 5117 951 5189 dss-

161 5190 240 5240 sciuit
250 5185 383 5262 pulsusque
395 5184 509 5234 estabeo
520 5183 630 5290 extructi?¹
638 5193 644 5227 :
658 5188 857 5287 'quilquefflilplqlirffiitiji¹
864 5183 952 5289 um

161 5250 752 5375 ffqssssfflffiffifflsssssffl‘ssm
761 5255 902 5372 compleuit.¹
923 5362 928 5372 Ι

195 5373 235 5434 (d)
247 5371 376 5428 muliones,
388 5375 415 5417 ut
425 5368 508 5416 cicero
517 5365 558 5413 bb.
568 5365 672 5434 bapist.
680 5362 806 5411 atltaetum
817 5361 843 5410 sl
857 5362 949 5432 scriba,

163 5433 233 5484 ruultl
244 5435 343 5482 luerunt
354 5444 386 5480 ex
399 5430 496 5492 Papiria
508 5434 584 5498 gente
603 5439 610 5474 ι
632 5425 672 5473 bic
681 5423 714 5473 de
727 5435 777 5484 quo
795 5430 950 5501 Augustinus,

162 5504 242 5546 cneus
253 5495 365 5556 t’apirius
378 5492 452 5540 carbo
470 5497 583 5538 basianus
603 5494 685 5548 partes
700 5490 800 5534 secutus
817 5492 846 5556 et
859 5483 950 5555 alsplla

164 5560 254 5629 uuum,
275 5543 336 5619 rupit
356 5554 379 5604 iu
395 5550 496 5602 siciliani
515 5551 598 5612 ibique
614 5548 707 5611 tilpbaei
722 5558 737 5595 a
752 5553 864 5608 tempero
875 5553 950 5594 iuter·

166 5623 303 5745 wilgis&
315 5685 342 5730 ut
350 5677 433 5727 cicero
443 5672 507 5724 libb
514 5671 548 5744 de
556 5671 651 5743 sinibus
661 5669 728 5740 dicit,
739 5666 813 5719 tutori
824 5666 948 5742 purumn-

165 5755 219 5796 raus
230 5739 350 5802 ritiuiuu,
360 5736 596 5801 summoturum,
610 5728 761 5783 crudelitatis
768 5736 881 5793 member
892 5730 946 5781 biit.

1001 377 1090 418 mores
1104 375 1333 436 corrumperentui
1350 366 1472 438 antiqui,
1487 367 1596 424 aGallis
1608 366 1692 425 borna
1711 376 1788 439 eipta

1000 460 1027 507 et
1050 452 1158 508 incensa
1184 454 1247 509 est?
1273 469 1307 508 an
1331 465 1476 526 presentes
1500 457 1568 514 lorte
1599 455 1788 514 dormiebant?

1000 543 1074 600 'lunc
1088 545 1158 601 euim
1174 554 1229 602 tota
1243 546 1314 604 Urbe
1327 548 1352 603 iu
1369 548 1484 605 bostium
1497 559 1656 622 patestatem
1670 547 1789 611 redacta,

1000 634 1073 692 solus
1087 637 1162 694 collis
1176 636 1339 711 Capitolinus
1360 650 1543 710 remaiiserat;
1570 642 1615 715 qul
1639 642 1718 699 etlain
1732 640 1790 712 lpse

1000 737 1151 798 caperetur,
1168 729 1219 785 uisi
1233 731 1327 787 saltem
1347 747 1456 789 anseres
1476 733 1527 788 dlis
1539 733 1733 789 dunnleiitibus
1747 733 1788 787 ri-

1000 817 1113 889 gilarent
1132 818 1181 891 (a).
1202 818 1277 877 liudo
1292 837 1358 892 pene
1371 824 1396 877 in
1411 825 1627 895 superstitionem
1649 822 1790 896 AEgyptio·

1001 922 1059 962 runi
1074 907 1172 965 bestias
1185 925 1299 983 suesque
1312 913 1454 969 colentium
1466 915 1549 970 llonta
1563 915 1716 982 deciderat,
1727 928 1789 970 cuin

1001 998 1091 1055 anseri
1120 1001 1248 1057 solemnia
1287 1005 1466 1060 celebrabant.
1492 1005 1589 1062 Verum
1615 1006 1649 1063 ile
1677 1005 1718 1061 liis
1739 1003 1790 1061 ad·

1001 1089 1137 1157 sentitiis,
1152 1099 1178 1146 et
1190 1095 1310 1164 corporis
1330 1096 1509 1167 potiusquam
1524 1097 1604 1152 animi
1624 1097 1716 1162 usalis,
1729 1111 1790 1167 quas

1002 1181 1044 1236 uel
1058 1182 1092 1238 ab
1104 1182 1224 1240 bostibus
1237 1188 1277 1242 rel
1291 1187 1342 1242 alia
1356 1189 1432 1245 clade
1454 1189 1598 1256 accidunt,
1614 1189 1731 1245 nondum
1746 1189 1790 1245 iii·

1002 1274 1079 1329 terina
1105 1275 1234 1346 disputo:
1251 1294 1320 1335 mine
1343 1295 1394 1350 ago
1416 1280 1450 1336 dc
1473 1281 1532 1337 labo
1551 1296 1675 1347 moruus,
1694 1281 1791 1352 quibus

1003 1365 1116 1434 primurn
1137 1369 1261 1438 paulatim
1276 1371 1453 1439 decoloratis,
1466 1373 1562 1430 deinde
1573 1373 1698 1430 torrentis
1711 1372 1791 1429 muido

1002 1456 1193 1527 praecipitatis,
1208 1469 1295 1528 unta,
1309 1463 1428 1531 qnaniiis
1439 1464 1548 1536 integris
1561 1464 1636 1521 tectis
1647 1463 1792 1522 maenibus·

1002 1560 1072 1616 qne,
1089 1548 1156 1607 laeta
1170 1561 1213 1606 est
1233 1553 1308 1608 rniiia
1328 1555 1497 1625 reipublice,
1514 1565 1542 1611 ut
1556 1555 1643 1624 magui
1670 1563 1792 1610 auctores

1003 1651 1095 1693 corum
1108 1654 1166 1695 eain
1182 1651 1245 1697 tunc
1257 1645 1382 1700 amissarii
1399 1661 1451 1700 uon
1467 1645 1587 1702 dubitent
1599 1646 1697 1701 dicere.
1711 1645 1793 1701 llectc

1004 1739 1091 1785 autern
1116 1733 1320 1804 abscesserant,
1344 1747 1373 1792 ut
1397 1739 1582 1804 amitteretur,
1602 1755 1686 1793 oiuurr
1709 1737 1793 1810 odptlr

1003 1819 1103 1891 arisque
1115 1823 1206 1878 relictis
1218 1826 1270 1891 dii,
1286 1827 1308 1882 si
1323 1843 1414 1884 euroin
1427 1830 1460 1886 de
1475 1831 1541 1886 bona
1561 1835 1614 1888 uita
1628 1833 1636 1864 ¹
1660 1840 1739 1901 atque
1750 1829 1794 1900 ju·

1004 1911 1075 1965 stitia
1088 1913 1182 1969 ciuitas
1197 1929 1328 1987 praecepta
1341 1931 1548 1991 contempserat.
1564 1924 1639 1980 b'iine
1650 1941 1713 1982 ictu
1724 1940 1793 1998 qua·

1005 2002 1044 2058 les
1056 2044 1063 2070 ‚
1077 2020 1184 2077 quaeso,
1211 2009 1248 2063 dii
1277 2012 1398 2078 luerunt,
1412 2013 1434 2067 si
1458 2015 1600 2071 noluerunt
1620 2032 1680 2074 cnm
1695 2019 1793 2090 populo

1005 2097 1107 2153 cultore
1121 2114 1170 2154 suo
1190 2102 1299 2171 uiuere,
1315 2121 1393 2176 quem
1407 2107 1476 2161 male
1489 2109 1620 2165 uiuentem
1636 2125 1688 2167 non
1709 2111 1793 2170 docu-

1005 2197 1081 2242 erant
1093 2188 1161 2246 bene
1175 2194 1283 2249 uivere?

1006 2299 1118 2357 CAPUT
1132 2302 1226 2359 xltttt.
1239 2336 1276 2347 -
1295 2305 1430 2365 l'urietutes
1440 2327 1521 2365 rerum
1535 2295 1711 2382 teiitporolium
1722 2356 1730 2380 ,
1742 2333 1793 2374 ituit

1041 2410 1073 2449 es
1085 2397 1172 2466 sorore
1189 2407 1233 2453 out
1253 2400 1442 2473 impuquuti'oue
1460 2404 1623 2475 doemonum,
1645 2408 1690 2463 sed
1701 2426 1733 2465 ea
1743 2411 1794 2466 seui

1044 2485 1091 2540 bei·
1105 2488 1212 2557 peritiore
1220 2491 1329 2559 judicio.

1042 2598 1068 2653 l.
1088 2597 1175 2667 Quid,
1186 2601 1257 2671 quod
1272 2603 1350 2656 etiam
1365 2604 1488 2660 uidentur
1510 2621 1603 2662 eoriim
1618 2607 1792 2664 adfuissem·

1006 2689 1160 2760 piditatibns
1178 2692 1336 2762 implendis,
1360 2704 1387 2750 et
1403 2698 1579 2754 ostenduntur
1593 2715 1644 2755 non
1658 2700 1795 2771 pretoriis

1007 2779 1195 2836 refrenandis?
1213 2784 1262 2850 Qui
1277 2786 1347 2840 ciiiin
1363 2785 1492 2851 llarinm,
1509 2803 1604 2845 norum
1619 2789 1753 2848 bominem
1767 2803 1800 2852 et

1007 2869 1169 2940 ignobilem,
1186 2875 1402 2932 cruentissimum
1425 2889 1560 2936 auctorem
1576 2882 1705 2939 bellomrn
1727 2883 1795 2940 ciii·

1007 2959 1070 3016 lium
1085 2972 1163 3032 atque
1181 2973 1334 3034 gestorem,
1350 2977 1377 3023 ut
1399 2972 1498 3039 septies
1515 2971 1608 3035 consnl
1624 2971 1700 3029 beret
1718 2974 1795 3047 adlu-

1005 3061 1117 3122 ienint,
1133 3063 1211 3125 atque
1225 3063 1254 3110 ut
1264 3056 1290 3113 iu
1304 3058 1419 3127 septimo
1433 3074 1482 3114 suo
1492 3062 1632 3118 consulatu
1645 3073 1795 3122 moreretur

1005 3158 1106 3209 senex,
1129 3159 1179 3201 nec
1200 3145 1227 3200 in
1240 3161 1334 3202 manus
1351 3147 1430 3221 Sylla
1456 3149 1535 3206 loturi
1550 3166 1611 3207 uiox
1628 3154 1737 3212 uictoris
1758 3155 1795 3212 ir·

1007 3244 1096 3292 rueret
1108 3236 1141 3289 'l
1165 3236 1192 3292 Si
1206 3238 1277 3293 enirn
1289 3240 1322 3294 ad
1337 3239 1394 3297 bac
1406 3257 1468 3296 cum
1486 3242 1522 3298 dii
1537 3259 1629 3300 eorum
1643 3262 1696 3304 non
1714 3247 1792 3320 luse-

1007 3334 1077 3388 runt,
1088 3343 1142 3383 iion
1153 3342 1246 3398 parurn
1259 3339 1301 3385 cst
1313 3330 1384 3400 quod
1394 3331 1597 3390 latenturetiam
1606 3352 1658 3393 non
1672 3341 1794 3410 propitiis

1005 3420 1057 3474 diis
1070 3420 1125 3475 suis
1138 3435 1216 3490 posse
1233 3421 1354 3477 accidere
1378 3421 1477 3479 lioniini
1504 3425 1580 3480 istsin
1600 3431 1793 3500 temporalem,

1005 3527 1085 3582 quain
1098 3513 1177 3568 nimis
1189 3512 1318 3584 diligunt,
1344 3523 1443 3570 tantam
1467 3514 1641 3586 felicitatem
1666 3529 1694 3577 et
1714 3536 1796 3593 posse

1007 3605 1147 3672 homines,
1162 3607 1230 3660 sieut
1244 3605 1294 3661 luit
1307 3606 1404 3661 ilarius
1416 3647 1424 3674 ,
1437 3608 1540 3675 salute,
1556 3609 1672 3680 uiribus,
1686 3614 1793 3687 opilms,

1006 3695 1162 3763 bonoribus,
1169 3696 1312 3768 digitium,
1323 3696 1488 3768 longevitate
1499 3700 1627 3756 cumulari
1642 3712 1670 3758 et
1683 3704 1793 3772 pertrui,

1005 3787 1056 3864 iliis
1071 3787 1144 3843 iratis
1158 3805 1166 3843 a
1180 3802 1259 3857 posse
1270 3788 1350 3841 etiam
1366 3787 1505 3855 bomiues,
1519 3790 1588 3845 sieut
1600 3789 1648 3846 luit
1663 3792 1792 3865 llegnlus,

1005 3879 1176 3948 cupititate,
1203 3878 1348 3946 seruitute,
1376 3879 1482 3950 inopia,
1508 3881 1632 3952 uigiliis,
1657 3883 1795 3944 doloribus

1006 3970 1154 4026 excruciari
1176 3979 1203 4024 et
1224 3969 1330 4036 emori,
1352 3968 1404 4024 diis
1426 3969 1529 4026 amicis.
1549 3970 1624 4040 Quod
1645 3973 1668 4029 sl
1683 3974 1718 4029 ita
1733 3990 1795 4033 essu

1006 4062 1173 4129 couceduut,
1193 4060 1372 4130 compendio,
1397 4061 1463 4117 nibil
1477 4077 1523 4118 eos
1538 4063 1685 4134 prodesse,
1700 4077 1728 4124 et
1741 4070 1793 4125 coli

1005 4159 1159 4228 superfluo,
1178 4159 1349 4215 conliteutur.
1374 4158 1440 4215 llam
1463 4161 1485 4217 si
1509 4161 1648 4219 uirtutibus
1662 4164 1744 4220 animi
1767 4174 1793 4220 et

1006 4251 1130 4321 probitati
1144 4251 1221 4317 vitus,
1235 4252 1310 4321 cnjus
1331 4251 1438 4321 praemia
1460 4263 1520 4322 post
1535 4263 1647 4309 mortem
1660 4256 1794 4324 speranda

1004 4352 1084 4411 sunt,
1100 4344 1184 4415 magis
1196 4344 1328 4399 contraria
1340 4352 1369 4398 ut
1382 4345 1494 4415 populus
1503 4345 1618 4401 disceret
1628 4347 1791 4413 liariter-unu

1005 4436 1026 4488 si
1043 4435 1106 4489 nibil
1119 4435 1198 4489 etiarn
1213 4436 1238 4489 iii
1264 4433 1305 4489 bis
1333 4435 1531 4490 transcuntibus
1551 4446 1579 4490 et
1599 4437 1794 4507 temporalibus

1004 4526 1082 4581 bonis
1093 4567 1101 4591 .
1114 4524 1157 4580 uel
1167 4525 1207 4580 eis
1219 4539 1285 4597 quos
1297 4524 1412 4580 oderunt
1424 4533 1521 4581 nocent
1534 4566 1541 4590 ,
1556 4525 1598 4582 rel
1611 4527 1650 4583 eis
1663 4543 1730 4598 quus
1749 4527 1793 4583 di·

1006 4618 1089 4689 ligant
1103 4625 1214 4688 prosunt
1228 4635 1234 4671 :
1250 4615 1340 4687 utquid
1351 4615 1495 4672 coluntur?
1511 4618 1600 4687 utquid
1618 4627 1690 4671 tauto
1703 4617 1792 4674 studio

1004 4711 1108 4769 colendi
1121 4709 1310 4780 requirmiturl
1329 4708 1382 4764 Cur
1393 4708 1533 4765 laboriosis
1545 4709 1716 4778 tristibusque
1726 4718 1794 4765 tein-

1005 4804 1130 4873 pnribns,
1144 4811 1267 4870 tanquam
1282 4798 1375 4855 odensi
1388 4799 1586 4864 abscesserint,
1601 4808 1792 4869 murinnratur;

1004 4907 1153 4964 eapropter
1175 4907 1224 4950 eos
1238 4894 1382 4948 cbristiaua
1407 4891 1501 4961 reliqio
1514 4890 1641 4945 eoiiiieiis
1666 4890 1795 4961 indiguis·

1004 4989 1079 5042 sinus
1093 4985 1217 5040 luditur?
1230 4982 1258 5039 Si
1272 4993 1360 5038 auteur
1377 4981 1513 5037 babentia
1529 4981 1569 5035 liis
1583 4980 1680 5048 rebus,
1695 4984 1736 5038 rel
1748 4983 1794 5039 bc·

1005 5077 1109 5136 uesicii,
1125 5076 1166 5130 vel
1180 5073 1302 5130 maleficii
1318 5080 1493 5143 potestatem:
1508 5086 1557 5125 cur
1567 5072 1592 5124 in
1604 5071 1642 5126 eis
1654 5071 1795 5128 adfuerunt

1005 5167 1120 5240 pessimo
1134 5166 1192 5220 uiro
1200 5164 1299 5230 Mario,
1314 5171 1341 5218 et
1357 5162 1457 5234 optimo
1473 5159 1574 5231 Regulo
1584 5160 1739 5218 doluerunt!
1751 5166 1793 5219 bu

1004 5276 1038 5316 eit
1052 5260 1104 5313 boe
1114 5257 1162 5328 ipsi
1176 5255 1357 5326 intelliguntur
1369 5252 1535 5322 injustissimi
1545 5263 1573 5309 et
1586 5253 1707 5324 pessimi?
1716 5253 1793 5322 Quod

1035 5417 1044 5449 ¹
1062 5412 1177 5472 toi.,di'i,
1186 5422 1288 5475 quorum
1300 5408 1331 5460 dc
1342 5408 1402 5459 boun
1410 5406 1466 5458 ritu.
1476 5411 1625 5460 tusseutiuut
1636 5409 1718 5460 ceteri
1728 5407 1792 5458 titiis.

1034 5478 1045 5510 ¹
1062 5479 1102 5526 ttic
1115 5476 1171 5524 editi
1183 5473 1282 5532 addunt,
1290 5483 1338 5522 ttttr
1348 5484 1394 5521 nou
1406 5470 1476 5521 rtiiiiii
1482 5472 1605 5533 iiii-crisa,
1616 5478 1664 5520 iun
1674 5477 1793 5521 tantormit

1002 5553 1028 5592 rc
1039 5544 1196 5600 conpesceret
1213 5533 1359 5584 brunuuitute
1375 5531 1529 5596 summan?
1539 5533 1584 5582 sed
1596 5533 1648 5582 baec
1665 5532 1752 5581 absunt
1763 5534 1794 5583 ab

1002 5603 1114 5652 omuibus
1123 5597 1248 5646 Gallicanis
1260 5603 1286 5645 et
1297 5596 1405 5644 bouuuis
1415 5595 1589 5655 uiantismiptis.

1034 5663 1071 5725 (o)
1084 5661 1141 5709 iude
1153 5660 1251 5730 turtum,
1264 5657 1306 5708 lib.
1318 5659 1343 5720 b,
1355 5669 1408 5721 cair.
1419 5654 1450 5707 58
1460 5669 1530 5719 seqq.
1543 5662 1569 5706 et
1579 5667 1647 5718 capp.
1659 5653 1701 5714 l'l,
1711 5651 1751 5718 lb,
1764 5662 1791 5707 st

1004 5723 1120 5776 ciuiuus
1134 5724 1159 5775 iu
1171 5719 1260 5771 (anull.
