3900 6390
245 278 298 338 tsi
760 275 805 333 bit
823 275 984 334 climate
1004 275 1073 349 bet,
1086 276 1116 334 S·
1136 276 1319 336 autistiti
1825 289 1879 346 tito

245 398 268 457 ei
281 379 444 454 delinitione*
455 396 497 452 illa
511 393 691 460 includuntur,
708 402 737 448 ut
755 394 895 448 rationalia
907 392 1032 449 arrinralia
1089 392 1141 460 los,
1150 394 1195 465 qui
1205 409 1254 464 per
1262 394 1427 467 septuagiuta
1438 394 1504 451 duas
1512 404 1606 468 gentes
1619 406 1646 454 et
1656 398 1879 473 totidcmlinguas

245 491 300 545 sint
312 500 394 560 atque
407 486 540 552 ritortalia,
554 485 588 542 ab
603 484 697 541 eodem
712 484 771 556 ipso
785 499 839 539 uno
858 485 945 555 primo
959 491 1036 554 patre
1087 482 1247 554 colliguntur
1259 485 1341 542 luisse
1359 484 1447 553 dirisi,
1467 501 1627 557 quaeramus,
1643 488 1667 545 si
1681 504 1824 560 possumus
1836 493 1872 547 in·

246 580 364 636 omniurn
384 578 494 648 stirpem
514 575 620 632 trabere
633 575 814 632 conliteudum
828 583 888 630 est:
910 574 934 629 si
946 581 1035 628 taumu
1088 576 1181 632 restire
1194 576 1265 631 illam
1287 576 1409 632 interris
1428 577 1643 648 peregrinantem
1662 578 1799 635 civitatem
1819 581 1877 648 bet,

246 686 308 727 tera
319 677 381 725 sunt
395 685 455 739 quse
469 667 502 724 de
517 668 623 723 illarum
634 667 773 723 nationum
783 667 914 722 varietate
927 673 1035 721 ettanta
1088 681 1148 737 quae
1163 665 1290 737 usquead
1301 668 1429 723 diluvium
1441 682 1586 739 arcamque
1596 669 1724 740 pmducta
1734 679 1786 738 est,
1800 681 1878 742 atque

248 766 453 833 intereuntque
474 759 947 818 nobiscumdiversitatetmduntor.
967 756 1034 812 Nam
1088 758 1115 812 iu
1129 757 1191 813 llliis
1213 756 1270 815 Noe
1291 773 1454 830 percorum
1467 759 1669 816 benedictiones
1691 776 1878 832 perseuerasse

245 867 272 910 ct
286 855 387 918 simias,
402 864 429 908 ct
449 851 658 922 cercopithecos,
675 860 702 906 et
721 851 857 921 sphingas,
882 849 904 903 si
919 847 1036 903 nescire·
1088 857 1262 918 monstratur,
1282 850 1398 906 maxime
1414 850 1442 906 io
1463 851 1591 919 maximo,
1606 852 1652 922 qui
1664 861 1707 908 est
1730 854 1877 925 appellatus

246 965 306 1004 rrius
319 962 371 1003 non
387 947 508 1010 bomiues
521 961 590 1010 esse,
601 944 648 1000 sed
658 944 766 1011 bestias,
778 953 888 1013 possent
901 942 938 996 illi
949 940 1035 996 bisto-
1088 939 1150 996 Sem
1163 957 1170 994 ι
1190 940 1406 1011 quandoquidem
1417 939 1532 1012 Japbetb
1552 943 1589 998 ita
1607 942 1764 1000 benedictus
1783 952 1836 1014 est,
1851 956 1879 1001 ut

245 1039 294 1095 rici
307 1038 397 1093 desua
410 1035 564 1091 curiositate
576 1034 731 1104 gloriantes,
745 1033 818 1088 velut
829 1042 922 1103 gentes
931 1030 1034 1100 aliquas
1088 1029 1115 1084 iu
1127 1030 1248 1100 ejusdem
1263 1029 1353 1088 iratris
1365 1032 1406 1088 sui
1419 1032 1542 1089 domibus
1556 1032 1698 1091 habitaret.

247 1130 384 1185 bominum
406 1128 484 1183 uobis
506 1126 635 1196 impunita
656 1126 771 1180 vanitate
793 1124 910 1179 mentiri.
936 1123 991 1179 Sed
1011 1125 1034 1177 sl
1088 1121 1201 1179 CAPUT
1221 1123 1255 1179 X.
1269 1123 1355 1180 -be
1365 1128 1525 1196 perseeutione
1541 1125 1612 1191 Seue,
1633 1128 1660 1182 in
1672 1129 1747 1198 cajus
1761 1130 1878 1201 progenie

247 1218 370 1274 bomincs
390 1225 462 1282 suut,
477 1216 511 1272 de
531 1217 627 1286 quibus
641 1214 684 1269 illa
706 1214 773 1269 mira
787 1216 938 1283 conscripta
952 1221 1033 1279 sunt:
1137 1215 1241 1269 tendens
1252 1215 1287 1268 ad
1300 1215 1427 1271 Abrohom
1440 1218 1546 1272 eioitotia
1556 1217 1603 1272 Dei
1616 1219 1679 1273 ordo
1693 1219 1824 1290 diripitur.

245 1307 321 1379 quid,
337 1308 358 1363 si
378 1317 518 1377 propterca
534 1307 603 1360 Deus
615 1304 699 1361 roloit
711 1302 793 1360 etiarn
816 1303 957 1358 nonnullas
967 1317 1033 1371 gen·
1122 1309 1150 1362 l.
1169 1306 1294 1363 Teneuda
1312 1317 1353 1364 est
1363 1309 1444 1381 igitur
1456 1310 1539 1366 series
1552 1312 1755 1380 generationum
1769 1313 1806 1368 ab
1819 1314 1877 1384 ipso

247 1410 289 1456 tes
304 1401 339 1454 iu
352 1413 455 1462 creare,
471 1413 505 1453 ne
520 1397 547 1451 iu
563 1396 603 1450 bis
616 1395 753 1459 monstris,
769 1409 828 1465 quac
844 1393 914 1464 apud
928 1408 976 1448 nos
992 1406 1034 1462 pa·
1086 1395 1159 1463 Sem,
1174 1406 1203 1450 ut
1220 1397 1276 1468 ipsa
1294 1401 1416 1454 ostendat
1434 1408 1495 1471 post
1514 1400 1641 1456 diluuium
1652 1402 1789 1457 civitatem
1809 1402 1875 1469 bem

248 1502 286 1547 tet
298 1493 351 1546 ἰιι
373 1489 524 1545 lrouriuibus
537 1487 621 1554 nasci,
635 1487 693 1557 ejus
708 1486 875 1557 sapientiam,
890 1499 941 1554 qua
954 1492 1034 1538 natu·
1087 1486 1156 1542 sicut
1172 1503 1231 1542 eam
1244 1489 1328 1546 series
1343 1492 1545 1561 generationum
1560 1490 1594 1546 ab
1608 1492 1653 1548 illo
1667 1493 1711 1563 qni
1733 1503 1774 1547 est
1786 1494 1876 1563 appel.

246 1599 304 1639 ratu
320 1582 393 1652 lingit
415 1583 567 1646 humanam,
583 1577 655 1633 velut
675 1587 761 1632 artem
776 1575 923 1645 cuiuspiam
946 1575 1033 1629 urinus
1087 1576 1242 1647 latusSetlr,
1264 1581 1422 1637 ostendebat
1443 1591 1506 1637 ante
1526 1581 1666 1637 diluvium.
1691 1583 1805 1654 Propter
1827 1585 1876 1637 boc

244 1672 358 1745 perlecti
370 1671 483 1742 opificis,
500 1679 654 1739 putaremus
667 1667 791 1723 errasse?
808 1666 867 1720 Non
886 1665 975 1736 itaque
987 1679 1035 1718 no·
1086 1680 1151 1737 ergo
1165 1668 1300 1738 Scriptura
1312 1669 1401 1724 divina
1412 1685 1472 1725 cum
1489 1680 1622 1726 terrenam
1636 1672 1771 1728 civitatem
1783 1672 1877 1733 inulta·

247 1767 288 1822 bis
302 1765 385 1821 rideri
396 1763 541 1819 absurdum
553 1758 642 1828 debet,
656 1769 686 1814 ut
704 1756 926 1830 quemadmodum
941 1758 966 1812 in
980 1756 1034 1811 sin·

246 1860 315 1932 gulis
326 1859 473 1930 quibusque
487 1855 612 1927 gentibus
626 1854 746 1925 quiedam
769 1860 888 1908 monstra
906 1858 968 1905 suut
983 1849 1033 1902 lio-

245 1953 357 2014 rninnrn,
370 1952 404 2004 ita
416 1950 441 2004 in
453 1949 577 2004 universo
587 1961 685 2017 genere
697 1945 813 2000 humano
822 1942 943 2016 qumdanr
958 1956 1034 1995 runn-

245 2054 300 2100 stra
314 2045 367 2098 sint
381 2042 510 2113 gentium.
532 2041 708 2109 Quapropter,
724 2048 754 2093 ut
764 2038 843 2093 istam
857 2036 1030 2107 quaestinucm

243 2135 404 2208 pedetentim
420 2142 549 2201 cauteque
560 2129 717 2186 cornemium
737 2146 744 2182 :
769 2138 816 2182 aut
829 2127 884 2193 illa,
899 2141 958 2197 iqua
970 2124 1035 2181 talia

246 2222 281 2279 de
305 2223 463 2295 quibusdam
486 2222 609 2293 gentibus
629 2220 727 2289 scripta
741 2226 814 2282 sutri,
838 2217 946 2272 orrinino
961 2216 1032 2270 rudln

245 2327 327 2383 ιιιιιις
352 2323 398 2369 arrt
412 2315 434 2368 si
455 2321 528 2378 sinu,
541 2312 664 2367 lmmiucs
677 2325 730 2365 non
746 2318 825 2374 sunt;
841 2316 887 2361 aut
899 2323 932 2360 cx
948 2307 1032 2360 ulduni

243 2416 317 2474 sunit,
333 2407 354 2460 si
366 2406 487 2460 borniucs
498 2413 569 2459 sunt.

243 2499 357 2555 CAPUT
376 2497 412 2553 tlt
437 2527 472 2548 -r
485 2496 526 2550 Αιι
539 2495 683 2564 inferiorem
697 2499 959 2565 pertentatumque
985 2504 1032 2542 no-

260 2590 338 2661 ]stror
350 2589 498 2644 habitationi
516 2587 643 2642 contraria
655 2594 702 2651 eet,
723 2583 863 2655 antipodas
873 2581 963 2636 ltnbcee
980 2597 1033 2635 cre·

266 2680 389 2750 ¹tiendum
402 2679 445 2733 sit.

282 2772 358 2839 Quod
376 2785 442 2825 rero
460 2777 488 2824 et
508 2766 655 2838 llntipodas
670 2780 731 2822 esse
751 2763 912 2828 fabulantur,
933 2763 958 2817 id
981 2772 1032 2826 est,

243 2861 390 2917 laominesa
405 2859 539 2915 contraria
552 2867 626 2927 parte
637 2866 725 2920 terrae,
739 2854 783 2909 ubi
794 2855 833 2908 sol
845 2854 939 2915 oritur,
950 2869 1044 2921 qnam·

243 2951 279 3007 do
292 2950 388 3004 occidit
403 2948 489 3014 nubis,
500 2947 610 3002 adversa
628 2944 740 3015 pedibus
751 2943 848 2998 nostris
859 2944 963 2996 calcare
988 2957 1034 2995 rc-

242 3039 410 3112 regianum
421 3039 523 3093 ratimro
533 3035 693 3098 credendum
705 3043 746 3089 est
757 3033 805 3106 (o).
818 3032 907 3103 Neque
920 3031 969 3085 boe
981 3032 1032 3085 tilla

244 3130 370 3186 lristorica
385 3129 534 3200 cognitione
548 3126 674 3182 didicisse
685 3139 716 3180 sc
735 3124 878 3188 alllrmant,
899 3123 945 3178 scd
958 3124 1032 3193 ‹prinsi

241 3220 425 3279 ratiocinando
443 3219 603 3289 conjectant,
627 3217 743 3289 eoquod
759 3217 827 3272 intra
840 3229 957 3271 ctrnrcxn
971 3218 1032 3272 coeli

244 3323 315 3369 terra
337 3301 466 3379 suspensa
492 3310 536 3374 sit,
557 3307 734 3380 eumdemque
746 3307 833 3366 locum
855 3308 970 3362 mundus
984 3307 1032 3361 ba-

244 3404 317 3468 beat,
332 3412 359 3460 et
372 3402 502 3467 iullmunr,
517 3410 544 3456 et
558 3399 694 3456 medium:
716 3408 743 3456 et
763 3415 796 3455 ex
817 3398 870 3454 boc
891 3399 1033 3468 opinantur

241 3496 352 3551 alteram
366 3504 445 3551 terras
459 3503 571 3565 partem,
587 3507 646 3563 que
660 3489 728 3547 inira
743 3501 795 3560 est,
812 3489 974 3545 habitatione
984 3488 1033 3544 ho-

243 3572 345 3664 miuum
357 3600 451 3641 curere
470 3600 523 3640 nou
542 3598 631 3655 posse.
651 3583 707 3640 Nec
720 3582 870 3649 attendunt,
882 3583 985 3639 etiamsi
1000 3583 1033 3637 li·

241 3693 308 3750 gum
320 3678 477 3749 conglobata
497 3685 525 3732 et
546 3674 660 3731 rotunda
682 3674 798 3731 mundus
819 3690 879 3730 esse
897 3673 1031 3738 credatur,

243 3770 302 3826 sire
320 3769 407 3839 aliqua
418 3767 522 3824 ratione
531 3775 712 3835 monstretur;
725 3781 778 3822 uon
792 3774 880 3822 tamen
895 3780 954 3822 esse
968 3782 1033 3820 con-

243 3874 370 3931 sequeus,
386 3867 414 3914 ut
426 3858 508 3914 etiam
518 3873 551 3914 er
564 3856 610 3913 illa
621 3867 697 3929 parte
714 3856 748 3914 ab
760 3871 889 3928 aquarum
907 3859 1032 3928 congerie

244 3949 317 4007 ouda
328 3951 364 4006 sit
378 3959 449 4007 terra
464 3967 471 4003 :
488 3948 584 4007 deinde
603 3949 706 4005 etiarnsi
722 3947 791 4003 nuda
807 3949 852 4012 sit,
874 3962 961 4018 neque
981 3947 1033 4002 bne

242 4043 333 4100 sotim
354 4057 464 4099 necesse
484 4057 554 4109 esse,
579 4050 608 4097 ut
629 4040 751 4097 homines
771 4039 878 4096 babeat.
900 4038 1031 4107 Quoniam

243 4132 317 4189 nullo
340 4132 420 4191 modo
439 4132 575 4204 Scriptura
597 4132 648 4189 ista
673 4131 811 4198 mentitur,
836 4145 897 4202 quae
918 4131 1032 4186 narratis

243 4225 386 4298 poscentis
400 4224 464 4282 lacit
484 4224 575 4293 fldem,
596 4239 630 4280 eo
651 4222 722 4295 qood
734 4221 792 4294 ejus
812 4221 937 4293 praedicta
956 4235 1032 4275 cour-

243 4316 351 4388 plentur
367 4332 376 4372 ι
397 4315 530 4386 nimisque
542 4313 686 4371 absurdum
700 4322 751 4379 est,
772 4320 803 4370 ut
815 4310 918 4368 dicatur
929 4310 1032 4382 aliquos

243 4407 366 4465 bourines
378 4422 411 4463 ex
425 4406 475 4462 bac
487 4406 515 4463 in
531 4405 603 4462 illam
615 4412 729 4477 partem,
740 4402 839 4460 Oceani
852 4401 1032 4459 immensitate

243 4501 364 4571 trajecta,
382 4499 508 4569 navigare
521 4512 552 4553 ac
566 4496 705 4566 peruenire
723 4495 851 4566 potuisse,
866 4501 896 4549 ut
906 4494 986 4549 etiam
998 4493 1031 4548 il·

242 4592 278 4664 lic
290 4608 321 4648 er
336 4605 390 4647 uno
403 4590 449 4644 illo
462 4589 548 4660 primo
565 4586 673 4641 bomine
685 4598 771 4657 genus
787 4583 969 4640 institueretur
983 4583 1032 4638 bu·

242 4699 362 4741 titanum.
380 4680 548 4750 Quapropter
561 4678 630 4733 iuter
643 4677 704 4732 lllos
719 4685 783 4732 tunc
795 4675 932 4730 bonriuuru
945 4690 1031 4747 popo·

194 4799 196 4802 ‚
273 4776 363 4900 ιιῗωιιὶἷ
371 4778 511 4898 mum
523 4830 653 4883 existentis
663 4841 769 4903 pugnam
786 4828 852 4879 luter
867 4825 987 4878 btteratoe
1005 4833 1031 4878 et

241 5027 321 5092 garet,
333 5033 405 5083 quam
415 5031 471 5130 2¹³³?
488 5017 607 5068 meando
624 5014 678 5075 luit,
692 5020 767 5086 ιιιιιιι.
778 4984 821 5063 lo.
833 5011 858 5071 3,
869 5023 922 5075 cap.
933 5010 973 5072 bl,
988 5015 1031 5063 utu

245 5089 397 5142 abreptum·
436 5087 477 5132 rest
489 5097 502 5127 ι
512 5079 616 5130 medere
625 5090 683 5128 esse
692 5077 804 5127 homiues
813 5085 917 5138 quorum
927 5074 1030 5137 reedgta

245 5134 1031 5252 :tittsemttrttctzsttstettltttet

245 5275 349 5322 emere,
367 5215 426 5322 gg..
437 5240 520 5326 aitqr’re
539 5214 633 5326 «abuius
640 5261 731 5311 erroris
745 5260 865 5323 originem
894 5256 1030 5321 bilosopbis

245 5343 260 5398 ι
270 5326 353 5384 ruisse,
363 5326 426 5396 quod
438 5325 608 5374 exisurnareut
616 5321 745 5375 rotundum
755 5334 813 5372 esse
823 5332 865 5369 mu
897 5331 946 5369 um.
956 5335 968 5364 ι
982 5329 1029 5370 ιιι-

242 5387 336 5451 tapetibus
353 5394 427 5436 ettam
445 5387 589 5447 tergestinus
606 5383 729 5448 negandos
748 5383 862 5444 praba,
882 5392 931 5431 uon
945 5387 1029 5431 umen

242 5454 342 5512 moriter
352 5445 437 5496 allam
447 5459 461 5495 a
472 5448 590 5498 meando
599 5447 720 5506 ratioues;
732 5445 776 5494 sed
792 5456 826 5493 ue
842 5443 972 5493 :intruere
986 5455 1029 5492 oo·

240 5518 343 5574 geretur
354 5508 466 5559 bouuues
476 5516 599 5559 nonortos
609 5521 641 5558 ex
660 5507 755 5580 Adaiou,
771 5503 835 5569 quod
846 5504 972 5578 eccistam
987 5516 1028 5554 re·

241 5579 340 5635 pugnat.
352 5569 723 5640 uloctaobariaspapalutsptst
736 5564 1029 5674 ιθιιιιιιοιιιιιιιιιιιιμιιιιι

238 5627 1028 5811 :Qffimwffiwii

1086 1755 1195 1827 bylone,
1218 1757 1269 1812 lroc
1288 1766 1330 1814 est
1348 1758 1375 1813 iu
1390 1759 1555 1828 conlusione,
1577 1769 1762 1828 monstrasset,
1777 1761 1811 1817 ad
1830 1777 1876 1832 pa-

1087 1849 1229 1904 triarcham
1251 1848 1313 1906 Sem
1333 1851 1533 1922 recapitulando
1551 1855 1704 1921 revertitur,
1727 1862 1755 1908 et
1773 1855 1877 1910 orditur

1086 1943 1148 1999 iude
1160 1945 1347 2015 generationes
1361 1946 1490 2016 usquead
1505 1946 1649 2011 Abrabam,
1664 1959 1876 2004 commemorato

1086 2035 1165 2091 ctiam
1182 2050 1294 2090 numero
1307 2051 1436 2091 annorum
1451 2047 1550 2107 quanto
1563 2039 1676 2108 quisque
1693 2040 1726 2093 ad
1740 2039 1811 2095 banc
1831 2054 1875 2095 se·

1087 2130 1152 2180 rtem
1171 2127 1348 2195 pertinentem
1361 2127 1444 2181 lilium
1459 2129 1606 2197 genuisset,
1621 2138 1774 2199 quantoque
1794 2131 1876 2185 vixis-

1086 2225 1137 2271 set.
1151 2215 1200 2272 Ubi
1221 2225 1293 2272 certe
1308 2219 1505 2289 agnoscendum
1525 2221 1649 2289 estquod
1670 2230 1732 2274 ante
1746 2222 1876 2290 promise·

1086 2320 1153 2372 ram,
1177 2315 1206 2360 ιιι
1229 2316 1355 2377 appareat
1373 2322 1456 2378 quare
1478 2309 1513 2363 sit
1533 2309 1631 2364 dictum
1651 2310 1686 2366 de
1700 2310 1761 2365 liliis
1776 2310 1875 2379 lieber,

1087 2393 1187 2450 Noruen
1208 2397 1283 2450 ortior
1305 2394 1429 2462 Plateia,
1453 2398 1513 2467 quio
1532 2399 1559 2452 in
1572 2399 1658 2455 diebus
1672 2402 1727 2470 ejas
1747 2402 1876 2456 dioisoest

1085 2497 1161 2541 terro.
1173 2486 1248 2565 (Gerr.
1260 2505 1286 2549 x,
1298 2490 1355 2559 ⁶25).
1365 2489 1433 2557 Quid
1446 2491 1516 2545 coitu
1527 2491 1597 2546 aliod
1611 2492 1813 2563 intelligendum
1824 2505 1874 2560 cst,

1085 2589 1184 2634 terram
1204 2595 1264 2636 csse
1284 2580 1408 2646 divisam,
1427 2583 1478 2637 uisi
1499 2581 1675 2641 ιιίιιιιιὶιιιιιί
1695 2585 1845 2656 linguarum
1864 2590 1876 2642 i

1084 2669 1197 2726 Omissis
1219 2673 1298 2742 igitur
1319 2674 1424 2729 caeteris
1445 2674 1507 2729 liliis
1520 2673 1582 2731 Seni
1597 2676 1630 2729 ad
1652 2676 1720 2731 lianc
1737 2692 1795 2732 reni
1822 2693 1875 2733 non

1086 2762 1876 2838 pertinentibus,illiconnectunturinordiuegeneratinnuot

1085 2866 1210 2924 perquos
1220 2855 1305 2925 possit
1318 2854 1352 2909 ad
1371 2855 1503 2910 bbrulrnru
1518 2859 1669 2926 perveniri:
1682 2860 1751 2913 sicut
1763 2859 1801 2914 illi
1813 2875 1875 2916 con-

1085 2944 1259 3000 nectebantur
1272 2956 1334 2999 ante
1346 2945 1485 3013 diluvium,
1510 2962 1556 3017 per
1569 2963 1635 3018 quos
1648 2951 1835 3018 perveniretur
1844 2953 1876 3007 ad

1085 3031 1382 3105 Noe,gencratinnibus¹
1394 3051 1453 3108 qum
1461 3047 1610 3107 propagatio
1621 3047 1682 3093 sunt
1691 3054 1726 3094 cx
1738 3039 1876 3095 illoldarn

1086 3124 1151 3192 lllio,
1164 3126 1209 3196 qui
1220 3127 1368 3196 appellatus
1378 3136 1420 3182 est
1431 3127 1508 3184 Setb.
1521 3129 1566 3184 Sic
1583 3144 1647 3199 ergo
1661 3130 1752 3200 incipit
1764 3147 1876 3201 genera-

1085 3215 1187 3272 tionum
1206 3218 1255 3272 ista
1268 3220 1404 3273 contextio
1420 3237 1426 3272 :
1441 3218 1474 3273 tir
1488 3221 1528 3275 lite
1543 3223 1715 3292 qenerotiortes
1730 3222 1802 3278 Seut.
1816 3224 1876 3278 Seru

1085 3306 1154 3377 filius
1166 3319 1266 3362 centem
1275 3325 1400 3365 canorem
1411 3310 1433 3376 ⁸,
1448 3327 1504 3364 curu
1518 3312 1602 3381 poncii
1615 3312 1756 3383 Arplroeot,
1767 3315 1876 3369 recaredo

1085 3414 1152 3453 enno
1166 3409 1220 3468 post
1232 3400 1364 3455 diluuium.
1380 3399 1414 3454 m
1424 3401 1485 3456 vicit
1501 3401 1571 3468 Sem,
1585 3412 1715 3472 postquam
1726 3407 1812 3474 gennit
1824 3407 1874 3458 Ar-

1085 3491 1192 3561 piacet,
1202 3492 1350 3564 quingentos
1368 3510 1458 3560 annos,
1478 3503 1501 3550 et
1522 3496 1607 3564 genuit
1624 3496 1691 3565 filios
1708 3505 1731 3549 et
1749 3497 1828 3565 filios,
1852 3506 1875 3552 et

1084 3589 1246 3635 inertiorem
1260 3581 1314 3650 (ld.
1327 3596 1365 3649 ιι,
1379 3582 1423 3648 ld,
1436 3583 1489 3653 tt).
1514 3584 1558 3639 Sic
1576 3587 1728 3653 exsequitur
1751 3595 1873 3652 caeteros,

1085 3671 1177 3726 dicens
1187 3679 1269 3742 quoto
1281 3673 1391 3743 quisquc
1412 3689 1483 3728 auno
1496 3676 1557 3729 rite
1571 3690 1627 3729 sum
1646 3675 1729 3731 stlium
1742 3675 1873 3747 genuerit,

1084 3763 1118 3818 ad
1128 3767 1206 3819 istum
1220 3766 1420 3835 generationum
1431 3766 1550 3822 ordinem
1562 3767 1752 3839 pertinentem,
1760 3770 1805 3839 qui
1816 3784 1875 3840 per·

1085 3854 1208 3911 tenditad
1219 3855 1353 3911 abrabam
1366 3871 1375 3919 ς
1386 3867 1413 3913 et
1422 3868 1487 3929 quot
1497 3873 1580 3914 aurius
1589 3859 1756 3928 postmodum
1767 3861 1873 3926 vixerit,

1085 3948 1210 4005 intimans
1224 3965 1284 4006 eum
1299 3950 1366 4005 illios
1377 3950 1495 4022 liliasqoe
1506 3951 1629 4024 genuisse
1640 3969 1647 4007 :
1659 3962 1688 4008 ut
1698 3953 1875 4022 intelligamus

1085 4040 1155 4097 unde
1177 4041 1312 4112 potuerint
1329 4042 1419 4113 populi
1436 4057 1600 4110 accrescere,
1623 4057 1656 4098 ne
1677 4043 1705 4099 in
1725 4043 1816 4114 paucis
1829 4043 1874 4114 qui

1084 4142 1328 4189 commemorantur
1337 4133 1490 4189 bominibus
1508 4133 1629 4205 occupati
1644 4134 1782 4205 pueriliter
1796 4134 1874 4190 besi-

1084 4233 1183 4293 temos,
1206 4226 1277 4281 uude
1291 4234 1363 4281 tanta
1383 4225 1468 4298 spatia
1482 4233 1613 4282 terrarum
1626 4236 1705 4295 atque
1729 4241 1872 4297 regnomm

1083 4316 1182 4387 repleri
1208 4317 1344 4388 potuerint
1364 4316 1398 4373 de
1419 4331 1518 4388 genere
1537 4314 1617 4382 Sem;
1634 4316 1750 4373 marine
1766 4326 1872 4386 propter

1083 4407 1253 4480 Assyriorum
1278 4422 1410 4479 rognum,
1430 4406 1501 4463 uude
1518 4405 1603 4462 Ninus
1629 4405 1674 4462 ille
1698 4403 1873 4461 Orientalium

1082 4493 1221 4554 domitorl
1241 4510 1430 4568 usquequaque
1443 4496 1600 4568 populorum
1621 4495 1721 4568 ingenti
1736 4495 1870 4566 prosperi·

1084 4597 1138 4646 tate
1147 4591 1276 4660 regnarit,
1284 4598 1311 4647 et
1321 4589 1479 4646 latissimum
1489 4588 1741 4646 aclundatissimum
1749 4603 1873 4661 regnum,

1083 4680 1155 4752 quod
1167 4680 1292 4739 diuturno
1305 4691 1425 4754 tempore
1441 4680 1594 4748 duceretur,
1607 4683 1664 4738 suis
1683 4682 1798 4754 posteris
1812 4697 1870 4754 pro

1083 4774 1199 4844 pagarit.

1118 4863 1147 4921 2.
1167 4863 1221 4921 Sed
1230 4877 1291 4932 nos,
1302 4877 1336 4920 ue
1347 4863 1448 4919 diutius
1460 4878 1539 4935 quam
1554 4878 1622 4934 opus
1635 4864 1871 4928 estimmoremur,

1083 4963 1215 5026 bouquet
1234 4968 1320 5010 annos
1341 4955 1453 5026 quisque
1473 4955 1499 5010 in
1515 4955 1565 5010 ista
1580 4955 1782 5026 generationum
1800 4955 1872 5012 serie

1081 5042 1189 5113 uixerit,
1204 5043 1252 5101 sed
1264 5053 1345 5118 quoto
1355 5058 1426 5099 anuo
1436 5045 1497 5099 rite
1511 5059 1567 5100 suae
1579 5044 1703 5116 genuerit
1714 5042 1810 5112 illium,
1821 5045 1872 5102 boe

1081 5133 1176 5190 ordine
1202 5133 1405 5189 memorandum
1429 5133 1612 5189 taumrumodo
1632 5134 1767 5205 ponimus,
1794 5142 1872 5190 utet

1081 5239 1222 5282 uttmerum
1244 5237 1375 5280 annorum
1405 5238 1421 5279 a
1445 5232 1580 5280 transacto
1607 5222 1708 5280 diluuio
1732 5223 1871 5295 usquead

1112 5378 1207 5428 ¹ttud.
1226 5385 1276 5427 am.
1295 5382 1348 5440 tan,
1363 5375 1533 5430 emtum.
1550 5375 1645 5441 aliquot
1661 5382 1731 5440 ttss,
1745 5374 1872 5429 almain-

1082 5445 1179 5573 'ufta
1190 5498 1247 5560 238,
1258 5512 1302 5563 per
1324 5498 1483 5573 ‘enormiorem
1531 5505 1560 5550 tt.

1112 5561 1872 5628 ⁸ttdrtlzsemfioe1t'oeceatamerotorrnortort.streteree

1080 5621 1869 5687 librt.tuxtagraemmtrs,oououot,noe‚et‚erntuooterli·

1079 5684 1785 5814 “tatuinffimttnmmatm
1851 5688 1855 5695 ’
