3900 6390
175 339 230 402 teti
777 343 878 403 tione
898 343 1048 403 becllltts
1065 344 1187 404 NONUS.
1759 343 1812 401 tit

178 449 224 506 ihi
235 462 306 514 0⁸⁸⁶.
330 450 483 508 itteriilur.
499 451 566 511 Nam
581 465 685 517 remoto
708 471 755 518 illo
771 459 904 529 tripartito
916 474 965 530 ge·
1024 461 1085 517 ideo
1106 471 1193 516 tunica
1213 475 1294 532 eques
1314 460 1420 525 dicitur,
1435 459 1505 531 quoii
1520 459 1609 532 uliquo
1624 458 1704 515 modu
1715 473 1746 514 se
1761 458 1812 515 ira·

179 556 245 598 nere
258 544 331 610 sitae,
353 546 412 603 duae
424 556 513 617 partes
525 549 605 619 buius
616 553 718 607 numeri
737 553 925 618 detrahuntur,
941 561 970 608 et
1021 555 1082 610 bcat
1095 554 1127 611 ad
1141 569 1249 626 equum.
1274 556 1315 610 dn
1330 568 1427 624 corpus
1449 554 1534 609 solum
1554 553 1588 608 sit
1613 551 1705 615 bomo,
1720 551 1811 623 aliquo

179 643 259 690 sectae
271 637 413 707 nonaginta
426 653 475 694 sex
486 649 634 697 remanent.
645 640 758 697 Reruota
772 658 835 698 uero
845 643 970 702 diberen-
1020 647 1101 701 molo
1113 662 1144 701 se
1158 645 1260 702 balteus
1274 645 1307 701 ad
1320 645 1448 714 animam,
1459 646 1529 701 sicut
1540 644 1664 716 poculum
1677 642 1712 698 ad
1724 653 1812 713 potio·

179 727 215 782 tia
236 742 270 784 ex
292 727 398 799 Cynicis
415 731 517 799 addim,
541 733 576 789 ad
594 733 732 792 dimidium
755 737 919 810 rediguntur,
942 747 971 796 ot
1021 753 1102 792 rtem:
1117 751 1169 792 nou
1188 737 1261 793 enim
1273 735 1481 808 caliaetpotio,
1496 750 1576 807 quam
1591 735 1710 791 continet
1727 732 1809 800 calix,

177 816 354 889 quadraginta
378 829 440 879 octo
460 824 536 880 liunt.
561 825 720 883 Auferamus
741 829 821 885 etiam
842 830 912 901 quod
935 846 968 886 ex
1020 826 1098 882 simul
1113 825 1210 883 dicitur
1221 827 1356 899 poculum,
1373 826 1420 882 sod
1442 826 1510 882 calix
1524 826 1618 891 solus;
1639 824 1700 880 ideo
1720 833 1811 880 mmon

177 908 345 967 Academicis
359 915 436 970 nonis
450 916 599 974 adhibitum
613 929 665 986 est,
680 935 773 978 rursus
785 923 893 978 dimidia
908 939 969 994 pars
1019 917 1091 989 quod
1103 918 1203 989 potioni
1218 917 1385 974 continendae
1400 917 1434 972 sit
1445 916 1672 972 accommodatus.
1690 916 1731 970 ilo
1746 928 1815 971 sero

177 1013 310 1071 remanet,
335 1005 361 1061 id
387 1009 433 1062 εειΙ
444 1008 534 1079 uiginti
556 1019 680 1081 quatuor.
701 1013 738 1069 iic
750 1015 840 1070 sociali
863 1030 969 1085 quoque
1020 1026 1071 1068 nec
1083 1011 1170 1066 anima
1185 1011 1251 1078 soia,
1267 1026 1316 1067 nec
1328 1011 1414 1066 solum
1428 1025 1536 1081 corpus,
1549 1009 1596 1065 sed
1613 1009 1692 1064 simul
1706 1017 1807 1075 utrum,

176 1095 231 1152 rita
254 1097 325 1167 quod
350 1111 509 1171 accesserat,
522 1104 645 1161 similiter
657 1104 802 1170 auleratur,
826 1105 968 1163 duodecim
1020 1117 1071 1173 que
1081 1103 1117 1158 sit
1129 1103 1219 1168 bomo,
1235 1103 1311 1174 cujus
1324 1117 1385 1173 pars
1396 1105 1430 1158 sit
1442 1117 1494 1157 rina
1512 1102 1568 1157 sive
1580 1101 1669 1157 anima
1680 1102 1736 1157 sive
1749 1115 1811 1157 cor·

176 1199 240 1245 suot
251 1190 446 1263 reliqiiae,qiras
460 1194 509 1248 ista
529 1195 688 1264 differentia,
705 1206 734 1252 ni
747 1198 839 1269 viginti
854 1207 969 1266 quatuor
1019 1209 1080 1264 pus,
1106 1193 1150 1250 ille
1171 1205 1260 1249 autem
1280 1202 1352 1250 tutus
1366 1209 1399 1248 ex
1414 1203 1527 1264 utroque
1549 1200 1663 1258 constet,
1678 1200 1708 1247 ut
1729 1182 1812 1248 linm'o

176 1279 284 1348 fierent,
299 1281 493 1353 duplicas-erat.
508 1285 545 1341 lie
558 1285 600 1342 bis
611 1302 675 1357 ergo
685 1288 825 1344 duodecim
841 1288 905 1344 nibil
915 1290 968 1346 dici

176 1379 275 1440 potest,
297 1388 345 1429 cur
367 1385 448 1430 secta
471 1391 523 1430 non
545 1376 601 1432 sint
624 1376 765 1434 habendae.
788 1377 968 1452 ltilillquippe

175 1461 248 1518 aliud
262 1463 289 1518 in
304 1465 344 1520 eis
358 1467 496 1536 quaeritur,
519 1482 598 1538 quarn
612 1465 680 1525 dnes
693 1470 823 1526 bonorum
843 1481 870 1528 et
885 1474 969 1528 maln-

175 1570 246 1610 rum.
259 1555 473 1614 lmentlsumm
484 1559 614 1617 bonorum
626 1561 733 1629 linibus,
746 1563 864 1634 proiecto
876 1580 892 1621 e
904 1581 969 1621 corr·

174 1647 258 1703 trario
270 1656 334 1704 sunt
356 1650 497 1706 malorum.
512 1650 559 1706 lte
584 1661 672 1708 alitem
694 1661 723 1709 ut
743 1654 808 1709 itant
827 1654 966 1711 duodecim

174 1744 276 1805 sectae,
303 1737 345 1792 iila
367 1748 481 1809 quatuor
505 1741 691 1813 triplicantur,
717 1742 851 1814 vulitptas,
878 1745 964 1814 quies,

174 1835 328 1899 utrumque,
341 1840 369 1885 et
392 1832 479 1901 prima
498 1842 610 1901 naturae,
633 1850 693 1905 quac
706 1835 862 1907 primigenia
882 1838 967 1894 i'arro

175 1928 254 1974 uocat
268 1918 318 1993 (ui.
332 1920 396 1977 liceo
410 1923 507 1993 quippe
521 1934 636 1994 quatuor
648 1925 712 1980 dum
737 1927 889 1998 singillatim
911 1929 966 1983 rir-

175 2010 223 2065 tuti
234 2011 377 2083 aliquando
390 2014 553 2082 subduntur,
567 2025 597 2071 ut
607 2034 659 2072 iton
675 2028 784 2088 propter
797 2034 827 2075 se
839 2020 907 2090 ipsa,
918 2020 966 2077 sed

173 2112 285 2172 propter
308 2104 425 2160 officium
448 2107 553 2163 uirtrttis
569 2111 720 2180 appetenda
744 2111 893 2179 videantur,
913 2114 965 2170 ali-

172 2191 280 2261 quando
305 2195 491 2265 praeferuntur,
518 2208 548 2254 ut
573 2215 627 2256 non
651 2211 760 2271 proptor
783 2216 813 2257 se
836 2203 902 2273 ipsa,
916 2204 965 2262 sed

173 2292 283 2354 propter
296 2287 353 2343 lime
366 2288 537 2359 adipiscenda
552 2293 594 2348 uei
615 2295 797 2350 conservanda
813 2298 964 2354 necessaria

174 2377 261 2432 virtus
274 2387 390 2447 putetur,
402 2380 546 2452 aliquando
562 2383 693 2455 jungitur,
709 2395 737 2442 ut
749 2397 858 2458 propter
867 2404 897 2444 se
908 2389 964 2460 ipsa

172 2475 200 2523 ci
213 2468 308 2537 sirtos,
321 2481 348 2526 et
363 2472 413 2527 ista
428 2475 577 2545 appetenda
590 2477 751 2544 credentum
764 2481 964 2549 quaternarium

173 2577 313 2618 numerum
330 2566 437 2635 triplum
459 2568 591 2637 reddunt,
618 2579 645 2627 et
665 2571 700 2625 ad
720 2570 861 2628 duodecim
878 2583 965 2631 sectas

171 2654 340 2724 perveniunt.
358 2657 397 2713 Ex
413 2659 464 2714 iilis
478 2669 566 2717 autem
581 2673 695 2733 quatuor
714 2664 794 2720 rebus
808 2664 894 2720 iiarro
909 2675 965 2724 tres

172 2745 251 2812 iuiiii,
267 2747 428 2817 voluptatem
444 2752 556 2817 scilicet,
579 2763 606 2809 et
619 2754 746 2823 quietem,
760 2764 788 2810 et
802 2766 962 2827 utrumque:

172 2849 226 2889 tion
241 2836 311 2905 quod
323 2852 369 2892 eas
384 2840 526 2909 improbet.
540 2843 587 2897 scd
601 2843 672 2914 quod
687 2845 843 2915 primigenia
857 2846 901 2902 ilia
913 2862 963 2901 na-

173 2935 241 2980 lune
249 2936 278 2982 ει
291 2930 453 3000 uoluptatem
469 2932 540 2988 inse
564 2934 687 3003 habeant,
704 2945 731 2991 et
744 2938 871 3008 quietern.
894 2938 964 3007 Quid

169 3032 237 3088 ergo
246 3034 313 3090 opos
325 3031 367 3077 est
376 3038 408 3078 er
424 3022 467 3079 bis
480 3024 584 3082 duabus
597 3028 646 3082 tria
662 3029 783 3098 quandam
796 3029 898 3100 irruere,
911 3031 964 3090 dno

172 3111 295 3178 scilieet,
321 3113 385 3169 dum
410 3115 564 3186 singillatim
588 3129 750 3190 appetuntur
771 3123 894 3194 voluptas
917 3134 964 3180 ant

169 3202 257 3271 quies,
279 3213 306 3259 et
320 3207 437 3273 tertium,
459 3223 520 3264 cum
533 3211 618 3267 ambae
630 3213 727 3280 simu13
747 3217 963 3289 quandoquidem

170 3295 256 3362 prima
278 3307 381 3354 naturae
403 3311 430 3355 et
444 3300 527 3371 ipsas,
552 3312 579 3361 et
600 3316 698 3375 praeter
713 3307 784 3376 ipsas
803 3310 856 3365 alia
878 3312 962 3368 muita

169 3387 343 3443 contineant?
359 3391 397 3446 lie
410 3393 496 3447 tribus
505 3396 575 3465 ‘ergo
589 3398 671 3452 sectis
684 3399 709 3454 ei
722 3402 809 3470 piacet
820 3401 962 3474 diiigenter

168 3491 231 3533 csse
243 3481 422 3550 tractandum,
444 3500 566 3555 quonam
589 3487 625 3541 sit
645 3489 733 3558 potios
746 3491 879 3562 eligenda.
901 3495 961 3552 Non

168 3569 242 3624 enim
257 3586 347 3626 reram
362 3573 420 3642 quius
431 3591 509 3645 quam
526 3593 605 3632 unam
618 3594 681 3634 vera
694 3582 762 3635 ratio
775 3598 836 3640 esse
853 3587 962 3654 permit·

169 3659 212 3722 tit,
224 3659 281 3716 site
296 3661 322 3715 iu
337 3661 377 3717 bis
391 3663 478 3720 tritius
491 3666 536 3731 sit,
550 3671 606 3724 sive
620 3670 717 3727 alicubi
730 3671 805 3741 alibi,
818 3675 889 3745 quod
900 3686 961 3746 post

167 3752 328 3811 ridebimus.
342 3756 449 3812 interim
458 3757 491 3813 de
500 3759 541 3814 bis
550 3762 633 3816 tribus
643 3763 777 3832 quomodo
786 3766 960 3824 unamiiarro

167 3844 257 3914 eiigat‚
269 3856 397 3915 quantuni
411 3849 528 3906 breviter
539 3862 684 3923 aperteque
702 3869 854 3924 possumus,
871 3856 958 3915 disso-

167 3950 269 3991 namus.
282 3937 342 3992 istu
356 3954 452 4010 nempe
466 3949 520 3996 tres
533 3952 612 3998 secto
625 3944 659 3998 ita
674 3945 752 4010 liunt,
765 3960 827 4001 cum
848 3947 889 4001 rel
902 3948 958 4018 pri·

167 4041 210 4080 nto
225 4037 327 4083 naturae
337 4040 447 4099 propter
459 4032 647 4102 virtutemne}
657 4034 742 4091 virtus
755 4047 864 4107 propter
873 4039 958 4108 prima

166 4128 279 4186 naturae,
293 4120 464 4192 volutraque,
476 4124 502 4178 itl
516 4137 567 4190 est,
581 4126 699 4182 etrirtus
711 4129 833 4199 etprima
843 4140 956 4198 naturae,

166 4222 276 4279 propter
289 4227 320 4269 se
333 4214 389 4283 ipsa
404 4226 466 4270 sunt
478 4218 636 4286 expetenda.

163 4320 278 4378 CAPUT
298 4323 341 4379 lll.
356 4354 391 4367 —-
412 4325 449 4382 De
462 4329 540 4382 tribus
559 4331 631 4384 sectis
644 4347 769 4386 muratam
788 4334 896 4388 bertinis
909 4334 955 4390 do-

200 4431 261 4468 mam
280 4420 458 4484 querentibus,
478 4435 554 4489 quum
568 4421 711 4493 eiiqeudum
737 4422 817 4478 Varro
839 4425 954 4495 definiat,

199 4525 226 4564 se
244 4526 306 4566 oens
319 4513 408 4566 ueteris
423 4512 578 4581 Academico,
592 4515 717 4570 Antiociro
731 4527 842 4582 sertore,
857 4529 955 4574 statim·

199 4601 272 4654 tione

201 4711 227 4766 i.
247 4711 316 4779 Quid
336 4730 401 4784 ergo
421 4714 530 4771 istorum
547 4716 626 4771 trium
647 4717 682 4772 sit
695 4733 787 4773 verum
807 4726 887 4790 atquo
909 4736 954 4778 se·

162 4803 306 4873 standum,
324 4807 375 4863 isto
398 4808 479 4863 modo
499 4808 661 4880 persuadere
685 4819 807 4867 conatur.
823 4813 952 4881 Primum,

161 4899 223 4968 quia
237 4913 369 4954 sumntum
380 4900 479 4956 bonum
494 4902 520 4957 iu
533 4902 699 4974 piriiosopbia
713 4921 765 4959 non
775 4907 889 4973 arboris,
900 4887 954 4964 nnn

162 4991 276 5059 pecoris,
290 5005 343 5046 non
356 4990 410 5058 dei,
429 4993 475 5049 sed
489 4995 604 5051 bonriuis
616 4997 754 5067 quaeritur,
769 4997 831 5067 quid
845 5000 880 5053 sit
896 4999 953 5071 ipse

161 5079 252 5146 bomo,
265 5083 437 5152 quaerendum
451 5093 533 5156 putat.
542 5087 629 5144 Sentit
640 5089 738 5160 quippe
752 5089 778 5144 in
788 5091 846 5160 ejus
858 5100 953 5149 natura

159 5170 214 5228 duo
226 5187 287 5229 esse
299 5175 431 5244 quaedam,
444 5192 541 5249 eorpus
553 5189 580 5234 et
591 5180 707 5236 animam
720 5199 728 5236 ι
743 5191 770 5238 ει
788 5184 880 5239 borum
891 5187 952 5256 qui·

158 5263 221 5319 dcro
242 5263 355 5321 duorum
371 5269 466 5324 melius
479 5285 539 5326 esse
552 5273 667 5348 animam
690 5275 820 5347 longeque
838 5287 950 5348 praesta·

158 5353 239 5410 bilius
252 5357 360 5411 omniuo
370 5372 423 5412 uon
436 5357 555 5426 dubital;
570 5360 618 5417 sed
629 5372 716 5419 utrum
728 5365 816 5421 ariima
837 5368 893 5423 sola
915 5368 951 5426 sit

157 5443 251 5514 bomo,
272 5457 300 5502 nt
316 5448 350 5502 ita
365 5449 400 5504 sit
421 5450 445 5504 ei
466 5465 563 5521 corpus
583 5462 708 5524 tauquam
728 5473 813 5529 equus
832 5461 915 5531 equiti
927 5463 946 5516 ¹.

157 5534 246 5606 Eques
259 5539 331 5594 enim
343 5554 397 5595 non
412 5540 492 5596 bomo
506 5550 533 5597 et
546 5559 641 5612 equus,
652 5545 700 5601 sed
710 5548 783 5605 solus
796 5550 875 5606 bomo
885 5564 946 5608 cst:

149 5652 155 5658 ⁵
188 5672 297 5747 ίιιιειιι
311 5675 382 5727 editis
398 5675 501 5736 additur,
546 5654 670 5731 mnndum
689 5689 779 5747 pmut:
797 5699 841 5748 pro
857 5689 947 5752 quoio

155 5739 210 5785 itas.
222 5734 366 5802 reiutquilur
376 5740 493 5790 subaudio
527 5754 576 5801 orn,
589 5742 689 5794 dttbitctt.

186 5795 224 5860 (o)
236 5797 286 5847 viil.
297 5801 373 5852 cicerr
386 5799 429 5852 lib.
438 5799 455 5850 2
463 5803 496 5854 de
507 5803 611 5870 linibus,
619 5816 671 5869 cap.
685 5807 813 5876 fledlllb·
824 5810 849 5873 5,
859 5813 942 5876 (apl.

1019 1285 1054 1339 sit
1066 1301 1072 1340 :
1089 1285 1158 1342 sieut
1170 1285 1238 1341 diros
1248 1299 1331 1356 ecquos
1341 1283 1448 1355 junctos
1460 1282 1535 1355 bigas
1551 1297 1686 1348 vocamus,
1697 1284 1811 1353 quorum

1018 1376 1075 1431 sine
1093 1375 1197 1442 dexter,
1220 1376 1276 1432 sire
1298 1376 1416 1441 sinister,
1440 1389 1502 1446 pars
1517 1383 1559 1430 est
1581 1372 1712 1444 bigarum,
1728 1388 1811 1428 unum

1019 1482 1083 1522 εειο
1095 1483 1188 1523 eortina
1198 1483 1305 1540 quoquo
1315 1467 1394 1523 modo
1404 1482 1433 1523 so
1447 1466 1543 1524 babeat
1554 1466 1588 1522 ad
1601 1467 1724 1532 alterum,
1738 1466 1820 1538 bigae

1019 1573 1072 1614 noo
1084 1558 1207 1625 dicimus,
1232 1560 1279 1616 sed
1292 1561 1385 1617 ambos
1399 1561 1488 1616 simul.
1508 1560 1608 1616 liorum
1620 1568 1710 1616 autern
1731 1559 1819 1616 trium.

1020 1652 1071 1708 iioc
1085 1651 1159 1724 eligit
1177 1654 1295 1718 tertium,
1310 1652 1499 1725 hominemque
1514 1666 1564 1708 nec
1582 1651 1699 1707 ammam
1713 1650 1810 1713 solam.

1018 1758 1068 1798 nec
1080 1745 1166 1798 solum
1179 1759 1285 1814 eorpus,
1302 1743 1349 1800 sed
1363 1743 1479 1799 anbnam
1492 1743 1571 1799 simul
1592 1752 1620 1800 et
1633 1757 1730 1813 corpus
1751 1757 1819 1799 esso

1017 1834 1171 1890 arbitratur.
1186 1835 1302 1892 Proinde
1315 1851 1449 1891 summum
1463 1836 1563 1892 bonum
1575 1835 1702 1900 bominis,
1715 1850 1769 1906 quo
1782 1835 1812 1891 tlt

1018 1925 1121 1994 bealm,
1132 1940 1165 1983 ea
1174 1925 1311 1996 utriusque
1321 1929 1360 1982 rei
1371 1926 1449 1983 bouis
1460 1936 1584 1983 constare
1593 1925 1668 1989 dicit,
1679 1935 1706 1981 ct
1715 1925 1820 1980 animm

1017 2019 1119 2076 scilicet
1129 2029 1156 2075 et
1168 2021 1298 2092 corporis.
1311 2019 1351 2077 dc
1362 2035 1411 2091 per
1422 2019 1475 2076 boc
1485 2019 1569 2092 prima
1582 2020 1626 2075 illa
1638 2028 1738 2076 naturae
1749 2034 1812 2090 pro·

1016 2120 1077 2182 pter
1089 2126 1119 2168 se
1133 2112 1189 2183 ipsa
1203 2112 1338 2169 existimat
1350 2113 1512 2183 expetenda,
1528 2113 1667 2183 ipsamque
1685 2112 1816 2169 sidrutem:

1017 2218 1096 2274 quam
1118 2203 1239 2259 doctrina
1254 2204 1347 2259 inserit
1366 2203 1442 2259 uelut
1456 2213 1543 2260 artem
1563 2203 1678 2270 uisendi,
1701 2218 1761 2274 quar
1782 2204 1815 2259 in

1016 2295 1114 2352 animae
1124 2295 1201 2351 bonis
1211 2304 1252 2351 est
1259 2294 1511 2351 excellentissimum
1520 2293 1629 2349 bonum.
1643 2293 1811 2365 Quapropter

1016 2386 1109 2442 eadem
1124 2386 1218 2451 uirtus,
1235 2385 1315 2441 idest
1331 2401 1375 2441 ars
1390 2384 1500 2457 agendae
1511 2385 1583 2453 sitae,
1603 2401 1664 2440 cum
1677 2385 1811 2457 acceperit

1016 2478 1101 2550 prima
1116 2487 1227 2545 naturae,
1242 2494 1302 2548 quaa
1316 2478 1375 2533 sino
1388 2477 1433 2532 iila
1448 2485 1534 2542 erant,
1555 2477 1602 2532 sed
1626 2487 1716 2533 muron
1730 2485 1808 2533 eraut

1016 2569 1097 2626 etiam
1110 2569 1217 2639 quando
1231 2569 1270 2624 eis
1283 2568 1402 2624 doctrina
1417 2566 1504 2624 adhuc
1523 2567 1625 2636 decrat,
1641 2568 1729 2623 omnia
1746 2582 1809 2638 pro*

1016 2671 1076 2732 pter
1088 2675 1118 2717 se
1132 2662 1216 2731 ipsam
1230 2661 1341 2731 appetit,
1353 2659 1484 2730 simulque
1497 2659 1577 2714 etiam
1592 2659 1716 2731 seipsam
1728 2678 1735 2714 :
1746 2674 1806 2723 out-

1016 2749 1093 2809 nibus
1101 2753 1271 2826 quesimulct
1281 2768 1311 2807 se
1319 2752 1375 2823 ipsa
1383 2751 1512 2817 utitur,eo
1525 2753 1577 2807 line
1586 2760 1614 2806 ut
1627 2751 1750 2808 omnibus
1759 2738 1809 2807 de·

1015 2843 1128 2900 iccleiur
1139 2854 1218 2914 atque
1229 2843 1388 2914 periruatur,
1399 2843 1483 2916 magis
1493 2843 1644 2914 minusque,
1654 2852 1683 2899 ut
1694 2838 1807 2917 queque

1016 2935 1086 2991 inter
1107 2950 1136 2990 se
1149 2935 1250 3004 maiora
1271 2945 1351 3005 atque
1373 2935 1475 2989 minora
1490 2944 1559 2999 suut,
1577 2945 1666 2991 tamen
1685 2935 1809 2992 omnibus

1014 3026 1142 3099 gaudens,
1163 3035 1190 3082 et
1204 3026 1323 3097 quadam
1338 3012 1451 3089 minora,
1474 3026 1496 3080 si
1512 3027 1658 3082 necessitas
1676 3027 1803 3096 postolat,

1015 3127 1125 3190 propter
1138 3118 1238 3190 maiora
1253 3118 1295 3175 rel
1309 3117 1480 3188 adipiscenda
1494 3118 1536 3174 vel
1550 3119 1674 3186 tenenda,
1687 3127 1809 3174 coutem-

1015 3222 1092 3265 nens.
1105 3208 1230 3264 Omnium
1244 3216 1333 3264 autem
1356 3208 1485 3263 bonorum
1499 3208 1540 3263 uel
1561 3208 1641 3262 airiml
1655 3209 1697 3263 vel
1709 3216 1807 3278 eorpo-

1014 3300 1061 3365 ris,
1073 3298 1139 3354 nibil
1154 3299 1204 3354 sibi
1215 3299 1298 3354 virtus
1311 3302 1420 3352 omnino
1433 3298 1573 3369 praeponit.
1584 3298 1646 3353 llaec
1657 3298 1729 3354 enlm
1739 3297 1808 3356 bene

1012 3392 1097 3447 uritur
1112 3400 1183 3446 etse
1201 3391 1270 3460 ipsa,
1294 3399 1321 3444 ct
1334 3388 1448 3453 cacteris,
1471 3403 1531 3458 quae
1549 3388 1683 3444 bominem
1707 3387 1808 3444 iaciunt

1013 3481 1133 3546 berum,
1160 3481 1247 3536 bonis.
1272 3479 1322 3536 Ubi
1344 3479 1478 3549 ueroipsa
1499 3494 1554 3534 non
1578 3490 1630 3546 est,
1659 3478 1806 3550 quamlibet

1013 3573 1095 3628 multa
1109 3576 1164 3628 sint
1183 3573 1262 3638 bona,
1284 3586 1336 3627 non
1357 3571 1425 3626 bono
1440 3571 1499 3642 ojus
1513 3582 1574 3626 suut
1589 3573 1609 3636 ¹,
1625 3572 1704 3642 cujus
1724 3580 1805 3634 sunt:

1012 3678 1043 3718 ac
1058 3678 1107 3733 por
1118 3663 1169 3720 iroe
1179 3663 1234 3734 jatll
1251 3678 1301 3719 uec
1314 3662 1372 3732 ejus
1386 3661 1455 3717 bona
1466 3662 1579 3718 dicenda
1593 3673 1665 3728 sunt,
1679 3663 1723 3719 cui
1735 3664 1806 3722 maie

1012 3758 1096 3813 utenti
1109 3759 1183 3814 utilia
1197 3770 1257 3812 esse
1272 3771 1324 3811 uon
1344 3763 1465 3826 possum.
1481 3755 1544 3810 ileo
1567 3770 1631 3826 ergo
1646 3757 1700 3810 sita
1717 3757 1805 3812 bomi-

1012 3848 1064 3914 nis,
1081 3864 1141 3919 quae
1153 3847 1250 3902 virtute
1262 3857 1289 3903 et
1304 3847 1364 3901 aliis
1373 3848 1454 3900 animi
1473 3855 1500 3902 ει
1512 3848 1632 3917 corporis
1646 3847 1733 3916 bonis,
1747 3847 1806 3905 slito

1010 3940 1108 4010 quibus
1121 3940 1205 3994 virtius
1219 3952 1345 3994 essenon
1360 3945 1457 4008 potest,
1471 3939 1576 4005 lruitur,
1598 3938 1675 3993 beata
1689 3953 1751 3995 esse
1760 3939 1804 3994 dl·

1010 4029 1100 4087 citur:
1113 4031 1211 4086 sivero
1225 4038 1252 4085 et
1264 4029 1333 4095 aliis,
1347 4029 1406 4084 sine
1420 4026 1517 4097 quibus
1531 4041 1591 4082 esse
1606 4029 1691 4084 virtus
1705 4037 1804 4097 potest,

1010 4124 1051 4179 uel
1063 4123 1134 4188 uilis,
1151 4123 1193 4178 tei
1207 4121 1336 4193 pluribus,
1351 4121 1469 4176 beatior:
1484 4121 1507 4177 si
1522 4132 1610 4176 auitum
1624 4136 1733 4192 prorsus
1741 4132 1802 4178 om-

1009 4214 1100 4283 nibus,
1115 4224 1144 4270 ut
1163 4214 1264 4270 nulium
1275 4213 1386 4268 omuino
1400 4213 1498 4268 bonrum
1513 4213 1592 4280 desit,
1612 4214 1652 4269 sei
1668 4214 1802 4271 animive!

1010 4305 1140 4377 corporis,
1156 4304 1319 4360 beatissima.
1335 4302 1393 4358 Non
1417 4303 1488 4358 enim
1510 4303 1562 4358 iroe
1579 4312 1621 4358 cst
1641 4305 1705 4370 rita,
1730 4303 1803 4375 quod

1010 4400 1113 4465 uirtus3
1134 4399 1260 4470 quonium
1283 4413 1336 4453 non
1358 4397 1445 4453 omnis
1466 4399 1531 4463 sita,
1555 4398 1602 4454 sed
1617 4400 1724 4470 sapiens
1747 4400 1802 4454 sita

1009 4491 1094 4546 virtus
1108 4500 1165 4545 est:
1176 4499 1204 4545 et
1223 4499 1310 4544 tamon
1326 4490 1526 4561 qualiscumque
1539 4491 1592 4544 vita
1605 4491 1663 4546 siue
1677 4490 1730 4545 ulla
1745 4491 1801 4545 sii·

1009 4591 1065 4639 tute
1077 4591 1165 4655 potest
1179 4597 1256 4650 esse;
1267 4582 1353 4638 uirtus
1366 4598 1431 4639 vero
1442 4584 1500 4639 sinc
1513 4584 1564 4638 uila
1579 4585 1631 4638 uita
1645 4600 1697 4638 uon
1714 4592 1801 4655 potest

1008 4690 1078 4732 esse.
1093 4674 1152 4733 iloc
1163 4685 1190 4732 et
1202 4677 1237 4732 de
1250 4676 1378 4732 memoria
1394 4675 1507 4732 dixerim
1518 4685 1598 4747 atquo
1613 4677 1726 4742 ratione,
1740 4679 1801 4733 etsi

1008 4769 1070 4841 quid
1083 4769 1154 4825 aliud
1169 4770 1222 4824 talc
1237 4776 1278 4824 εει
1293 4770 1318 4823 iu
1332 4769 1449 4823 bomine.
1466 4768 1534 4823 Sunt
1547 4768 1617 4822 euim
1632 4767 1689 4822 bac
1699 4774 1800 4825 stante

1007 4860 1166 4927 doctrinam,
1182 4861 1242 4916 sine
1256 4860 1298 4913 bis
1320 4869 1476 4914 autemnon
1496 4869 1584 4928 potest
1604 4872 1663 4913 esse
1683 4859 1734 4913 ulla
1748 4857 1800 4914 do-

1007 4953 1111 5008 ctriua:
1125 4967 1156 5008 ac
1180 4967 1228 5023 pur
1248 4953 1299 5007 boc
1312 4966 1360 5006 nee
1380 4950 1474 5013 virtus,
1501 4965 1560 5020 qum
1576 4938 1797 5020 utiquediscitdr.

1007 5041 1080 5099 Bene
1094 5050 1183 5098 autem
1197 5056 1316 5108 currere,
1331 5040 1472 5111 pulchrum
1485 5053 1545 5094 esse
1558 5053 1681 5110 corpore,
1696 5039 1799 5099 viribus

1007 5134 1156 5207 ingentibus
1170 5133 1327 5204 prevalere,
1341 5141 1368 5187 et
1380 5142 1476 5186 caetera
1488 5129 1640 5199 hujusmodi
1651 5132 1712 5187 talia
1722 5142 1797 5197 sunt,
1811 5191 1814 5199 ,

1005 5239 1069 5285 ιιιει
1082 5229 1167 5283 virtus
1178 5228 1236 5282 sine
1250 5227 1292 5281 bis
1313 5241 1373 5281 esse
1386 5225 1479 5295 possit,
1493 5233 1521 5280 ot
1532 5225 1589 5295 ipsa
1606 5225 1665 5282 sine
1678 5228 1795 5283 virtute:

1005 5322 1074 5378 bona
1084 5328 1146 5376 suut
1160 5327 1248 5374 tarueu
1259 5334 1267 5384 ;
1280 5327 1306 5374 et
1318 5316 1463 5372 secundum
1479 5316 1557 5371 istos¹
1570 5317 1651 5374 etiarn
1663 5318 1720 5389 ipsa
1733 5331 1797 5388 pro-

1004 5423 1063 5485 pter
1077 5428 1107 5468 se
1120 5413 1204 5481 ipsam
1216 5409 1302 5481 diligit
1316 5409 1411 5476 virtus,
1425 5409 1560 5478 utimrqus
1583 5408 1636 5465 illis
1648 5419 1677 5466 et
1687 5407 1795 5476 iruilur,

1002 5507 1073 5563 sicut
1086 5506 1210 5560 virtutem
1230 5504 1316 5560 decet.
1732 5575 1735 5587 .

1032 5623 1041 5654 ¹
1060 5621 1127 5682 edlu,
1140 5631 1187 5670 imit
1204 5618 1266 5669 bono
1282 5617 1335 5681 ejas
1351 5624 1413 5669 sunt.
1426 5615 1510 5668 uellus
1519 5623 1584 5678 lise,
1605 5627 1652 5666 nort
1669 5614 1729 5666 imao
1742 5613 1795 5679 ejas

999 5692 1063 5739 diiii.

1032 5737 1794 5810 ’fflid,etiptotitteotrttrtcbottotiot:tmnettettttttttdttttt

1000 5805 1409 5874 tetressermeucantarextrm
