3900 6390
154 262 208 321 sut

155 375 200 444 qui
221 373 346 431 docendis
369 373 463 428 litteris
482 380 635 442 preessent,
658 372 729 442 prim
747 387 826 442 quam
840 371 936 425 divinae

159 468 225 541 logis
247 468 314 522 ullm
335 467 435 521 litteras
456 475 574 519 nossent.
598 463 652 519 llos
674 465 790 533 appellat
803 463 939 532 Scriptura

157 572 432 628 ppappurrururprprte,
448 557 490 625 qui
505 555 585 609 lahlite
598 555 649 609 dici
665 563 774 623 possunt
793 554 940 608 litterarum

157 645 311 701 inductores
324 645 365 700 rel
387 643 591 706 introductores,
610 658 642 698 eo
657 643 726 713 quod
739 658 785 698 eas
804 642 939 705 inducam,

159 736 185 792 id
199 745 241 792 est
253 735 421 790 introducam
430 733 625 804 quodammodo
639 734 665 788 in
678 732 757 788 corda
770 732 939 796 discentium,

158 825 203 882 rel
215 828 241 882 in
255 843 300 882 cas
312 827 399 898 potius
411 826 483 899 ipsos
495 841 562 897 quos
576 825 681 882 docent.
696 824 772 880 Nulla
787 825 866 894 igitur
875 838 941 893 gens

157 917 193 974 de
214 918 370 990 antiquitate
392 917 527 990 sapientiae
550 931 605 972 suae
628 931 708 986 super
728 913 895 971 l‘ntriarchas
914 922 942 969 et

158 1006 306 1079 Prophetas
326 1016 448 1072 nostros,
471 1007 567 1079 quitus
589 1007 673 1062 inerat
692 1006 780 1060 divina
802 1004 941 1074 sapientia,

160 1100 213 1157 ulla
227 1115 258 1156 se
271 1102 387 1157 vastitate
398 1100 555 1168 jactaverim
577 1099 682 1170 quando
697 1113 747 1154 nec
759 1097 889 1169 AEgyptus
903 1097 943 1151 in·

160 1191 281 1258 venitur,
303 1209 362 1263 qum
376 1192 444 1248 solet
465 1191 531 1247 salso
551 1202 578 1246 ct
598 1192 711 1246 inaniter
724 1190 758 1247 de
771 1205 877 1245 suarum
893 1188 943 1244 do·

162 1283 307 1340 ctriuarum
320 1284 476 1354 antiquitate
486 1284 604 1355 gloriari,
619 1284 803 1353 qrulicumque
815 1282 943 1352 sapientia

163 1389 211 1430 sua
233 1374 444 1430 Patriarebarum
468 1384 618 1430 nostrorum
642 1383 762 1445 tempure
785 1373 945 1444 prevenisse

161 1467 329 1538 sapientiam.
356 1465 446 1537 Neque
470 1466 541 1522 enim
565 1465 702 1536 quisquam
728 1465 817 1522 dicere
839 1464 946 1520 audebit

162 1556 324 1612 mirabilium
337 1557 534 1629 disciplinarum
549 1571 596 1612 eos
609 1556 783 1627 peritissimos
797 1555 887 1621 luisse,
898 1572 947 1612 an·

161 1655 267 1717 teqmm
290 1648 390 1703 litteras
414 1655 541 1714 nossent,
563 1646 660 1713 idest,
681 1656 822 1718 antequam
846 1646 893 1703 leis
914 1661 946 1702 eo

163 1739 300 1805 venisset,
324 1754 421 1810 easque
443 1739 478 1796 ibi
502 1738 647 1796 docuisset.
671 1739 730 1809 lpsa
752 1755 833 1811 porro
854 1755 946 1795 eorum

163 1829 344 1886 intemerabilis
358 1830 488 1898 doctrina,
511 1847 570 1902 quas
589 1831 720 1903 appellata
743 1841 785 1888 est
806 1832 946 1902 sapientia,

165 1920 228 1992 quid
242 1931 299 1975 crat
317 1921 367 1976 nisi
388 1921 502 1979 maxime
522 1923 700 1988 astronomia,
715 1931 743 1978 et
756 1923 779 1977 si
793 1923 856 1993 quid
876 1922 947 1979 aliud

165 2011 257 2068 talium
279 2011 477 2083 disciplinarum
498 2014 582 2085 magis
604 2014 637 2070 ad
663 2014 810 2070 exercenda
833 2013 947 2085 ingenia,

165 2116 243 2172 quam
258 2101 292 2157 ad
313 2102 499 2158 illuminandas
512 2118 576 2159 vera
596 2103 726 2174 sapientia
745 2111 849 2160 mentes
860 2104 949 2159 catere

166 2191 256 2249 soleti
279 2191 345 2248 liam
364 2193 434 2264 quod
454 2193 549 2249 attinet
568 2193 601 2250 ad
616 2193 827 2265 philosophiam,
842 2208 902 2265 qum
920 2208 949 2248 se

166 2284 265 2341 directe
278 2285 417 2356 prolitetur
437 2286 552 2359 aliquid,
568 2287 639 2343 unde
653 2287 717 2343 hant
731 2288 852 2344 homines
867 2286 948 2352 beati,

164 2375 236 2432 circa
250 2385 369 2448 tempora
384 2378 517 2447 Mercurii,
529 2395 608 2450 quem
621 2379 823 2448 Trismegisturn
837 2394 950 2434 nocane·

167 2479 240 2534 runt,
255 2472 281 2525 in
294 2471 345 2527 iilis
359 2473 437 2527 terris
448 2472 576 2541 eiusmodi
590 2472 675 2527 studia
686 2471 838 2528 claruerunt
852 2489 859 2527 :
873 2472 951 2541 longe

166 2559 274 2631 quidem
288 2570 349 2618 ante
369 2563 502 2631 sapientes
517 2563 557 2618 rel
579 2563 750 2632 philosophos
763 2562 888 2623 Graeciae.
902 2550 951 2619 sed

167 2659 255 2706 armen
269 2661 329 2721 post
339 2651 489 2718 sinamur,
503 2663 529 2708 et
543 2652 625 2717 lsaao,
643 2662 670 2708 et
681 2652 773 2720 Jacob,
794 2662 822 2709 et
832 2653 948 2725 loseph;

167 2741 293 2799 nimirum
307 2744 386 2799 etiam
401 2754 461 2815 post
481 2746 565 2816 ipsum
583 2745 702 2816 lloysen.
722 2747 761 2802 Eo
774 2748 871 2819 quippe
883 2757 952 2803 tem·

168 2846 244 2903 pora,
266 2848 319 2904 quo
331 2833 435 2907 lloyses
457 2846 609 2903 natusest,
629 2835 712 2893 luisse
731 2839 862 2909 reperitur
878 2838 953 2894 Atlas

168 2921 215 2979 ille
227 2939 339 2995 magnus
353 2927 518 2998 astrologus,
533 2927 683 2984 Promethei
698 2927 797 2992 irater,
818 2940 953 2985 maternus

171 3031 237 3072 arus
249 3016 372 3074 llercurii
385 3020 507 3090 majoris,
522 3021 599 3091 cnjus
610 3036 693 3092 nepos
706 3020 756 3077 luit
767 3021 954 3093 Trismegistus

170 3108 221 3166 iste
232 3109 376 3167 lletcurius
387 3114 437 3184 (u).

170 3217 282 3275 cuttu
304 3219 359 3276 XL.
373 3249 408 3262 ·-
420 3219 461 3275 lle
477 3219 658 3293 AEggptiorum
671 3221 862 3276 mendacissimo
881 3221 953 3275 nuni-

205 3321 274 3378 tote,
287 3329 343 3383 qne
354 3314 496 3382 antiquitati
510 3313 618 3368 scientim
628 3329 683 3368 aare
696 3322 794 3368 centum
811 3311 892 3367 millio
905 3312 954 3366 od-

208 3404 294 3460 erriiit
307 3422 440 3461 ranorum.

208 3498 317 3554 Frustra
339 3501 427 3569 itaque
448 3499 589 3555 carrissima
609 3498 817 3569 praesumptione
837 3498 957 3567 garriunt

172 3590 292 3660 quidam,
305 3590 435 3658 dieentes,
448 3607 480 3645 ex
495 3605 547 3661 quo
561 3591 689 3646 rationem
704 3589 820 3646 siderum
835 3603 956 3659 compre·

174 3681 267 3738 bendit
286 3682 435 3754 AEgyptns,
459 3683 572 3753 amplius
595 3698 673 3753 quam
697 3691 804 3738 eentum
827 3696 957 3737 annorum

174 3772 258 3827 millia
272 3772 416 3828 numerari.
438 3773 465 3828 ln
480 3773 576 3843 quibus
586 3773 656 3828 euim
671 3771 747 3827 libris
766 3771 845 3826 istum
864 3786 958 3826 nume-

174 3876 235 3918 rum
248 3862 422 3932 collegerunt,
435 3864 480 3934 qui
493 3878 547 3919 non
561 3864 672 3918 multum
687 3872 750 3917 ante
762 3876 892 3917 annorum
905 3863 959 3917 dcto

176 3951 258 4008 millia
272 3951 374 4010 litteras
388 3953 514 4023 magistra
534 3952 603 4008 lside
624 3952 794 4008 didicerunt?
814 3951 872 4007 lion
888 3953 958 4007 enim

176 4058 274 4112 merus
285 4053 431 4100 auctorest
443 4045 470 4100 in
483 4045 591 4100 historia
602 4043 697 4110 llarrn,
713 4044 756 4115 qui
771 4044 821 4098 hoc
833 4043 959 4113 prodidit,

177 4133 248 4204 quod
261 4149 279 4190 a
290 4134 437 4191 listeramm
454 4136 534 4192 etiarn
548 4135 696 4191 divinarum
710 4135 821 4191 ueritate
835 4149 887 4190 nou
906 4135 959 4191 dis-

176 4257 233 4310 pag.
242 4243 296 4300 tat.
308 4251 335 4303 u,
348 4253 373 4295 et
387 4245 499 4297 clemens
509 4246 692 4304 alexandrinus,
711 4251 853 4295 stromatum
864 4243 926 4294 libro
937 4246 961 4305 l,

176 4320 229 4371 cap
242 4307 280 4367 23,
293 4308 369 4371 illie,
379 4309 487 4358 scribunt
497 4310 686 4370 ttosenprimum
695 4307 770 4357 luisse
781 4307 925 4368 sapientem,
934 4319 963 4357 ac

177 4367 270 4419 litteras
280 4377 307 4419 et
317 4370 495 4432 grammaticam
509 4371 611 4432 primum
622 4369 747 4419 tradidisse
757 4368 853 4424 ludaeis.
872 4367 965 4419 uhoeni-

177 4443 221 4482 ιιι
231 4432 354 4494 accepisse
366 4443 381 4481 a
395 4429 516 4488 tudaeisa
528 4431 677 4480 rhoenutuus
689 4438 790 4480 Graecos
811 4436 899 4478 verum
919 4438 963 4477 au·

177 4494 299 4554 gostinus,
310 4492 356 4542 boc
366 4505 414 4543 noa
421 4492 538 4603 probans,
546 4491 608 4551 vult,
623 4491 824 4562 quemadmodum
835 4497 892 4540 ante
902 4489 963 4539 dilu-

178 4555 245 4603 rium
261 4553 306 4605 luit
322 4553 404 4619 lingua
440 4553 543 4609 ebraice.
555 4555 588 4602 ita
600 4561 672 4602 ettam
693 4555 804 4602 inventos
821 4550 897 4601 luisse
908 4551 964 4600 cha-

179 4624 288 4666 racteres
303 4615 439 4665 heluaieos.
458 4621 523 4664 llaec
540 4613 686 4663 sententiam
705 4611 846 4662 confirmare
867 4612 962 4661 ridetur

179 4678 243 4740 quod
257 4679 341 4727 scribit
358 4677 488 4740 losephus,
509 4677 679 4738 antiquitatum
693 4674 840 4722 tnriaicamm
862 4671 924 4722 libro
940 4674 963 4731 l,

179 4749 231 4801 οιμ.
249 4739 273 4801 3,
291 4739 324 4788 de
343 4738 398 4789 liliis
416 4738 473 4789 seth
491 4735 613 4800 loquens:
630 4733 785 4785 «sideralem
804 4735 961 4792 scientiam»

179 4802 264 4861 creuit,
278 4807 326 4850 cet
335 4799 471 4850 eoelesthtm
483 4812 566 4848 rerum
583 4798 743 4861 cognitionem
755 4808 786 4845 ex
834 4797 962 4844 'mremm

182 4878 195 4910 ι
207 4870 238 4912 se
249 4871 330 4911 autem
340 4864 441 4912 iuventa
451 4873 495 4911 sua
505 4873 536 4910 ex
547 4861 671 4911 heurinum
682 4859 768 4907 notitia
781 4857 813 4906 de
822 4857 963 4914 aberentur,

183 4931 234 4973 cet
245 4926 311 4985 prius
327 4925 438 4986 perirent
456 4935 528 4987 quam
542 4928 758 4986 pernoscerentur,
775 4920 883 4968 scientes
902 4928 965 4990 prae·

184 4984 298 5034 edixisse
307 4986 420 5035 adamum
431 4984 552 5047 duplicem
562 4983 614 5033 lore
624 4979 789 5032 universalem
798 4991 882 5029 rerum
901 4984 966 5026 urte-

185 5047 289 5104 critum,
312 5060 386 5096 unum
398 5047 517 5106 incendio,
530 5045 633 5096 alterum
643 5043 743 5103 dilucio,
752 5041 864 5092 excitatis
873 5039 968 5088 duabus

186 5105 335 5166 coelumne,
347 5111 395 5159 utri
413 5121 445 5157 ue
456 5119 499 5157 sua
510 5109 608 5158 inventa
618 5107 792 5178 inscripserunt
803 5116 810 5151 ι
822 5110 859 5164 ut,
871 5101 892 5150 si
905 5099 967 5172 late-

184 5183 197 5214 ι
208 5168 287 5217 rltiam
297 5167 386 5218 diluvio
395 5123 474 5219 deleri
483 5171 645 5232 mutingeret,
651 5164 745 5229 lapidea
756 5170 882 5226 superstes
893 5161 967 5234 bomn-

185 5230 281 5280 «uibus
289 5230 396 5280 discendi
405 5233 496 5292 copiam
508 5229 609 5288 iaceret,
630 5236 655 5278 et
670 5241 725 5291 quae
736 5228 850 5288 inscripta
860 5230 969 5296 eontine-

187 5309 199 5338 ι
210 5297 258 5348 ret,
266 5291 397 5353 spectanda
407 5293 554 5352 exhiberem
566 5291 659 5354 lapidea
672 5302 742 5351 qrorro
753 5286 864 5337 mlunrua
872 5286 903 5334 ab
911 5297 970 5347 ipsu

188 5352 296 5410 «dicata,
307 5353 395 5402 nostris
406 5355 479 5402 etiam
489 5354 641 5416 temporibus
658 5359 739 5402 exstat
754 5350 780 5399 in
791 5357 857 5399 terra
869 5346 966 5411 syria.»

182 5421 327 5541 &mdes
339 5476 399 5524 vixit
410 5487 472 5523 anuo
482 5483 539 5525 ante
550 5476 667 5525 christum
678 5473 746 5532 tecit,
754 5470 887 5522 secundum
897 5475 971 5518 Euse-

184 5538 265 5596 hiunu
280 5547 356 5588 uoses
369 5550 428 5588 vero
439 5539 542 5587 nascitur
554 5551 616 5588 auno
636 5536 696 5586 iiiiii)
716 5543 773 5584 ante
789 5533 917 5591 christum,
929 5543 973 5579 au·

184 5608 254 5651 ctore
263 5601 372 5650 Etrsebio.
385 5599 417 5648 de
428 5599 602 5660 t‘raparationc
615 5595 763 5659 etatrgelica,
776 5595 818 5643 lih.
832 5590 971 5654 recapit
1024 5598 1039 5647 tt

185 5675 258 5723 paterg-
271 5661 324 5719 tite,
338 5660 392 5710 tsi.
405 5663 463 5712 ttiuc
472 5660 504 5711 ab
515 5659 609 5711 atlante
620 5660 649 5709 ad
660 5667 740 5710 ttoscu
752 5663 809 5707 suut
819 5656 876 5706 anui
888 5653 972 5717 rigiuti

186 5736 282 5776 turrem.
295 5731 410 5775 timum

701 259 744 316 DE
761 258 921 316 critiam
942 257 1006 328 bui,
1026 259 1055 317 S.
1075 258 1256 318 accusatu!

994 380 1080 427 sonat.
1101 371 1168 427 curn
1190 373 1261 429 euim
1285 374 1319 429 ab
1339 374 1397 445 ipso
1421 375 1505 447 primo
1527 376 1644 445 bomine,
1666 380 1711 450 qui
1732 393 1776 437 est

992 461 1140 532 appellatus
1152 463 1252 528 Adam,
1268 464 1384 519 nnatduru
1396 480 1442 521 sex
1463 467 1543 521 millia
1558 483 1688 524 annomm
1701 485 1775 525 corrr-

992 550 1129 620 plcantnr,
1152 553 1284 623 quomodo
1307 570 1360 610 non
1383 555 1425 610 isti
1449 556 1550 612 ridendi
1574 560 1671 626 potiris,
1694 575 1777 629 quarn

993 640 1131 698 refellendi
1142 652 1213 710 sum,
1226 644 1271 714 qni
1283 643 1414 715 despatio
1426 653 1573 716 temporum
1587 656 1640 702 tam
1652 647 1776 713 diversa,

992 740 1021 786 et
1034 733 1094 787 huie
1106 734 1250 803 explorate
1271 736 1375 791 veritati
1399 743 1453 790 tam
1466 736 1597 793 contraria
1612 739 1778 809 persuadere

992 825 1144 879 conantur?
1157 825 1204 882 Cui
1217 827 1287 881 enirn
1303 826 1397 882 melius
1410 828 1527 882 narranti
1540 828 1674 898 praeterita
1687 828 1778 884 credi·

994 928 1065 981 mus,
1079 929 1157 996 quam
1170 917 1214 987 qui
1230 917 1309 971 etiam
1323 917 1410 971 lutura
1422 917 1552 987 predixit,
1562 932 1621 988 quse
1632 920 1778 989 presentia

991 1004 1048 1076 lam
1066 1006 1207 1063 ridemusl
1229 1009 1293 1064 Nam
1315 1018 1342 1063 ct
1366 1009 1421 1079 ipsa
1445 1009 1629 1064 historicorum
1653 1011 1725 1065 inter
1748 1024 1779 1063 se

994 1095 1158 1153 dissonantia
1168 1100 1270 1169 copiam
1282 1099 1358 1155 nobis
1368 1100 1477 1169 praebet,
1491 1110 1517 1154 ut
1528 1100 1553 1155 ei
1566 1101 1651 1170 potius
1664 1098 1780 1155 credere

995 1186 1149 1257 debeamus,
1162 1192 1207 1262 qui
1221 1191 1327 1256 dirime,
1342 1204 1419 1262 quarn
1440 1201 1569 1256 tenemus,
1582 1206 1635 1246 non
1647 1199 1781 1262 repugnat

995 1278 1125 1336 historiae.
1147 1283 1230 1338 Porro
1248 1292 1335 1338 autern
1356 1283 1428 1339 cives
1442 1283 1529 1354 impie
1542 1283 1674 1348 civitatis,
1688 1281 1781 1338 dihirsi

995 1386 1185 1444 usquequaque
1199 1389 1246 1445 per
1259 1383 1359 1441 terras,
1372 1388 1432 1430 curn
1446 1373 1535 1444 legunt
1546 1373 1714 1430 doctissimos
1727 1373 1781 1427 ho·

996 1464 1097 1527 mines,
1110 1478 1222 1533 quorum
1236 1464 1333 1522 nullius
1345 1463 1537 1520 contemnenda
1551 1462 1671 1519 rideretur
1684 1471 1781 1517 aucto·

996 1554 1071 1622 utar,
1087 1553 1157 1610 inter
1170 1568 1200 1610 se
1213 1555 1247 1610 de
1261 1554 1340 1611 rebus
1352 1555 1435 1625 gestis
1454 1553 1488 1609 ab
1503 1555 1589 1609 aetatis
1601 1562 1701 1609 nostrae
1720 1569 1780 1609 me·

998 1647 1081 1701 moria
1095 1647 1281 1703 remotissimis
1302 1647 1494 1718 discrepantes,
1512 1647 1554 1702 cui
1569 1646 1656 1716 potius
1668 1644 1784 1701 credere

997 1736 1123 1803 debeant,
1134 1752 1186 1792 non
1198 1738 1344 1793 inueniunt.
1357 1736 1411 1792 Nos
1421 1751 1485 1793 nero
1497 1736 1524 1791 in
1537 1743 1634 1790 nostrae
1644 1735 1783 1805 religionis

999 1826 1119 1893 historia,
1136 1827 1194 1883 iulti
1206 1827 1361 1883 auctoritate
1374 1826 1471 1892 divina,
1486 1824 1613 1897 quidquid
1627 1824 1652 1881 ei
1667 1824 1783 1889 resistit,

999 1932 1051 1974 non
1065 1918 1216 1974 dubitantes
1228 1933 1288 1974 esse
1309 1918 1496 1983 laisissimum,
1509 1915 1709 1987 quomodolibet
1721 1927 1786 1969 sese

999 2008 1114 2064 habeant
1126 2018 1221 2064 cetera
1236 2009 1263 2063 iu
1277 2007 1448 2064 secularibus
1461 2005 1571 2071 litteris;
1585 2020 1645 2076 que
1657 2018 1706 2059 seu
1719 2017 1784 2058 reru

1000 2114 1048 2156 seu
1069 2101 1134 2156 lalsa
1159 2101 1231 2166 sim,
1253 2100 1318 2156 nibil
1338 2099 1464 2156 momenti
1484 2097 1617 2164 afferunt,
1639 2111 1692 2167 quo
1709 2102 1786 2151 recte

1000 2190 1130 2260 beateque
1144 2192 1272 2246 vivamus.
1669 2199 1673 2206 '

1000 2297 1112 2356 CAPUT
1134 2299 1200 2354 xlii.
1214 2329 1250 2340 -
1262 2299 1301 2354 De
1320 2299 1549 2369 philosophicorum
1569 2297 1716 2368 opinionum
1731 2293 1786 2349 dis-

1036 2392 1207 2454 sensionibus,
1221 2401 1244 2444 et
1259 2391 1435 2444 crrrronimrum
1448 2387 1516 2459 opud
1530 2387 1668 2442 Ecclesium
1680 2400 1787 2439 concor·

1037 2481 1079 2536 diu
1091 2481 1289 2552 scripturorum.

1037 2613 1064 2668 l.
1078 2611 1113 2669 Ut
1126 2620 1215 2668 autem
1230 2612 1285 2683 jam
1298 2612 1474 2683 cognitionem
1488 2609 1641 2664 omittamus
1654 2608 1785 2673 historiar,

1003 2702 1052 2775 ipsi
1073 2702 1231 2773 philosophi,
1256 2704 1386 2773 aquibus
1407 2700 1440 2757 ad
1462 2702 1511 2755 ista
1532 2697 1665 2770 progressi
1679 2713 1786 2760 sumus,

1003 2794 1048 2865 qui
1071 2811 1123 2848 mm
1136 2794 1259 2848 ridentur
1277 2793 1413 2848 laborasse
1435 2792 1461 2845 iu
1483 2790 1577 2845 studiis
1590 2789 1666 2855 suis,
1690 2787 1742 2842 nisi
1760 2798 1790 2841 ut

1004 2886 1153 2944 irrretrirent
1175 2885 1308 2956 quomodo
1331 2883 1472 2939 uiuendum
1495 2890 1566 2937 esset
1587 2879 1790 2935 accommodate

1004 2976 1038 3032 ad
1052 2976 1240 3032 beatitudinem
1255 2973 1459 3045 capessendam,
1473 2987 1520 3026 cur
1534 2971 1719 3026 dissenserunt
1731 2977 1760 3024 ct
1774 2987 1789 3020 a

1004 3069 1137 3140 magistris
1151 3068 1282 3138 discipuli,
1297 3076 1325 3123 et
1339 3068 1407 3121 inter
1421 3080 1452 3120 se
1463 3063 1647 3132 condiscipuli,
1662 3062 1713 3116 nisi
1727 3060 1790 3130 quia

1004 3170 1035 3215 ut
1048 3159 1170 3215 homines
1183 3159 1306 3214 humanis
1324 3157 1445 3213 sensibus
1462 3163 1491 3210 et
1504 3154 1627 3208 humanis
1646 3151 1789 3207 ratiocina-

1005 3251 1122 3306 tionibus
1140 3252 1189 3306 ista
1204 3248 1386 3320 quaesierunt?
1402 3246 1450 3304 Ubi
1463 3245 1583 3316 quamvis
1598 3258 1658 3299 csse
1672 3241 1792 3312 potuerit

1006 3351 1035 3398 et
1051 3342 1166 3398 studium
1181 3340 1327 3411 gloriandi,
1348 3353 1401 3409 quo
1415 3338 1526 3408 quisque
1539 3335 1592 3391 alio
1605 3332 1791 3402 sapientiores

1006 3436 1110 3491 acutior
1123 3434 1207 3490 videri
1219 3433 1306 3503 cupit,
1321 3445 1370 3488 nec
1382 3429 1521 3486 sententiae
1534 3422 1728 3497 quedammodo
1741 3421 1792 3476 ad-

1007 3526 1094 3582 dictus
1114 3525 1227 3590 alierum,
1248 3522 1295 3579 sed
1309 3522 1350 3578 sui
1364 3521 1495 3591 dogmatis
1508 3524 1536 3573 et
1548 3513 1680 3587 opinionis
1694 3513 1792 3567 innen-

1008 3625 1072 3672 tor:
1089 3628 1175 3671 tamen
1196 3623 1225 3668 ut
1238 3613 1380 3669 nonnullos
1393 3611 1435 3667 rel
1448 3609 1528 3666 etiam
1550 3606 1677 3678 plurimos
1697 3617 1793 3658 eorum

1008 3706 1090 3762 luisse
1103 3704 1258 3768 concedam,
1272 3717 1339 3774 quos
1351 3717 1367 3756 a
1379 3700 1435 3756 suis
1452 3696 1604 3755 doctoribus
1616 3693 1659 3749 rel
1671 3689 1794 3748 discendi

1009 3800 1089 3856 sociis
1102 3813 1178 3853 amor
1191 3796 1310 3852 veritatis
1323 3792 1473 3865 abruperit,
1489 3800 1519 3845 ut
1537 3803 1585 3859 pro
1599 3801 1631 3843 ea
1645 3794 1792 3844 certarent,

1009 3905 1088 3961 quam
1107 3889 1245 3944 ueritatem
1267 3893 1405 3957 putarent,
1425 3882 1481 3939 sire
1502 3880 1546 3936 iila
1566 3886 1652 3942 esset,
1668 3876 1725 3930 sire
1739 3888 1793 3927 non

1010 3991 1098 4046 csset;
1114 3979 1177 4051 quid
1189 3980 1253 4050 agit,
1265 3987 1311 4032 aut
1321 3990 1374 4047 quo
1385 3973 1427 4030 rel
1439 3986 1502 4043 qua,
1511 3979 1541 4026 ut
1554 3969 1587 4023 ad
1603 3964 1793 4022 beatitudinem

1011 4073 1193 4146 perveniatur,
1208 4070 1322 4124 iruurana
1337 4081 1366 4121 se
1380 4062 1490 4145 porrigit
1503 4058 1653 4120 inlelieitas,
1668 4055 1691 4109 si
1704 4053 1795 4108 diuina

1012 4181 1066 4222 nou
1085 4164 1158 4221 ducit
1178 4160 1341 4219 auctoritas?
1364 4156 1482 4227 lienique
1503 4160 1626 4208 auctores
1645 4146 1747 4209 nostri,
1768 4144 1796 4198 iu

1012 4257 1109 4330 quihus
1131 4264 1189 4311 non
1208 4253 1305 4309 lmstra
1327 4262 1461 4305 sacrarum
1488 4245 1634 4298 litterarum
1658 4237 1747 4308 hgitur
1769 4242 1797 4289 et

1013 4349 1169 4405 terminatur
1192 4358 1288 4408 canon,
1311 4341 1380 4395 absit
1398 4347 1427 4392 ut
1448 4337 1517 4391 iuter
1537 4347 1567 4387 se
1586 4331 1672 4399 aliqua
1693 4327 1798 4381 ratione

1013 4439 1171 4496 dissentiant
1183 4435 1232 4508 lu).
1245 4432 1322 4490 Unde
1334 4446 1387 4485 non
1402 4426 1549 4489 immerito,
1563 4436 1624 4476 cum
1638 4419 1682 4473 illa
1697 4415 1799 4472 scribe·

1014 4540 1091 4596 rent,
1112 4529 1152 4584 eis
1167 4528 1250 4582 licum
1262 4523 1306 4579 sel
1326 4536 1376 4593 per
1392 4533 1439 4575 eos
1459 4517 1593 4577 locustum,
1613 4527 1665 4566 non
1681 4509 1757 4580 pauci
1772 4506 1799 4560 in

1015 4620 1115 4677 scholis
1146 4625 1226 4686 atque
1254 4610 1397 4685 gymnasiis
1428 4605 1549 4677 litigiosis
1575 4596 1800 4672 disputationibus

1015 4710 1124 4783 garruli,
1146 4706 1242 4762 sedin
1264 4706 1334 4774 agris
1358 4708 1436 4770 atque
1459 4697 1485 4751 iu
1510 4693 1618 4748 urbibus
1631 4703 1692 4744 cum
1714 4686 1800 4741 doctis

1016 4813 1095 4873 atque
1115 4799 1229 4855 indoctis
1248 4802 1286 4850 tot
1299 4793 1417 4860 tantique
1438 4786 1527 4859 populi
1542 4781 1723 4838 credidemnt.
1748 4777 1800 4845 lpsi

1017 4910 1082 4950 sane
1096 4891 1172 4964 pauci
1184 4902 1245 4946 esse
1259 4886 1417 4943 debuerunt,
1431 4895 1465 4935 ne
1480 4873 1648 4933 multitudine
1658 4870 1802 4924 silesceret

1018 4984 1089 5056 qued
1103 4982 1230 5053 religione
1247 4991 1339 5034 earum
1353 4988 1415 5029 esse
1428 4976 1561 5039 oporteret
1577 4983 1584 5020 ι
1600 4977 1649 5017 nec
1664 4971 1753 5015 tamen
1767 4958 1801 5011 ita

1018 5077 1116 5149 pauci,
1129 5083 1158 5128 ut
1172 5085 1263 5128 eorum
1279 5083 1331 5124 non
1351 5065 1386 5120 sit
1406 5057 1525 5117 miranda
1546 5051 1696 5110 consensio.
1712 5047 1804 5112 Nemee

1020 5167 1091 5224 euim
1105 5167 1131 5220 in
1145 5159 1312 5218 multitudiue
1323 5151 1551 5226 philosophorum,
1562 5144 1606 5215 qui
1619 5142 1711 5197 labore
1723 5139 1803 5192 etiam

1021 5257 1152 5316 litterario
1165 5259 1335 5310 monumenta
1346 5259 1453 5301 snourm
1464 5241 1616 5311 dogmatum
1629 5232 1804 5300 reliquerunt,

1053 5398 1089 5460 (α)
1100 5397 1137 5447 sic
1146 5391 1300 5442 ratiocinatur
1313 5399 1319 5434 r
1331 5392 1420 5434 omnes
1437 5373 1572 5449 philesophi
1587 5375 1807 5439 certantmucem,

1023 5472 1090 5522 saepe
1101 5457 1147 5508 sibi
1162 5449 1275 5504 contrarii
1291 5453 1364 5505 sunt;
1383 5443 1445 5492 sacri
1460 5444 1592 5500 scriptores
1604 5444 1652 5480 uon
1662 5430 1809 5501 disserturum

1023 5523 1089 5573 luter
1104 5531 1133 5568 se
1149 5530 1156 5565 t
1176 5510 1308 5577 philosophi
1325 5504 1472 5557 dissentiunt
1486 5504 1550 5550 luter
1566 5509 1611 5552 sc,
1628 5503 1684 5555 qma
1698 5489 1810 5569 beurunes

1040 5580 1145 5634 reclines
1155 5583 1211 5627 sunt
1219 5574 1248 5622 ad
1259 5581 1382 5625 errerem;
1392 5564 1452 5614 sacri
1460 5569 1573 5634 auctores
1583 5563 1703 5615 numquam
1714 5549 1809 5632 dissuent-

1025 5648 1088 5696 tinus
1100 5645 1163 5692 inter
1174 5651 1217 5698 se,
1234 5636 1290 5699 qttia
1307 5637 1402 5682 sanctus
1416 5626 1516 5688 spiritns
1530 5634 1573 5670 ere
1589 5627 1674 5666 comm
1694 5611 1810 5672 loquutur.

1027 5715 1143 5758 uomica.
