3900 6390
252 357 286 412 gg
767 334 810 390 bb
828 326 987 388 eitiTin
1007 324 1074 393 bnt,
1091 328 1120 382 b.
1140 323 1322 384 tbcbstbb
1833 325 1871 380 2⁰

252 482 363 539 turrisque
374 457 565 526 Romanoque
578 461 831 524 qnorumpraeepua
842 444 921 500 laude
933 441 1033 498 dictum

250 570 301 626 est,

296 675 398 719 earcere
407 662 528 720 subiectis,
540 664 567 708 et
574 652 700 709 debellare
709 648 836 712 sunem

248 787 276 832 et
298 772 368 846 quod
391 775 496 836 accepta
518 763 612 832 injirria
634 761 781 829 ignoscere,
803 765 882 822 qnam
909 743 1033 846 perseqni

249 865 383 920 malebant
396 857 516 932 (Sallust.
532 853 562 907 de
572 848 744 921 conjuratione
762 841 886 904 Cutiliae,
900 852 958 903 cup.
978 834 1033 889 9ιιι

249 957 321 1030 fine)
339 951 465 1025 :quando
477 956 516 1004 tot
535 953 673 1013 tantasque
688 939 783 1000 urbes,
799 943 827 989 ιιι
838 933 891 987 late
911 928 1032 985 domina·

248 1057 351 1112 rentur,
361 1049 524 1114 expugnatas
535 1043 679 1105 captasque
693 1031 855 1088 everterunt,
869 1021 970 1090 legatur
981 1031 1032 1120 no-

248 1141 361 1211 bisque
376 1133 472 1205 templa
484 1129 608 1198 excipere
624 1121 755 1184 solebant,
770 1123 799 1171 ut
813 1113 847 1169 ad
868 1127 899 1168 ea
911 1110 1032 1213 quisquis

248 1229 419 1300 conlegisset,
432 1223 598 1278 liberaretur.
612 1216 652 1271 ιιι
667 1213 705 1268 illi
719 1208 861 1270 iaciebant,
876 1211 904 1259 et
914 1208 1030 1270 scripto·

247 1337 293 1379 res
304 1316 457 1376 earumdem
471 1323 561 1367 rerum
574 1313 708 1378 gestarum
717 1300 765 1354 ista
777 1291 944 1352 reticebant?
958 1288 1031 1343 itane

247 1427 322 1476 sero,
337 1408 381 1480 qni
394 1421 425 1461 ea
438 1417 499 1474 que
509 1398 646 1454 laudarent
658 1391 775 1447 marimo
784 1383 967 1457 requirebant,
980 1379 1031 1433 ista

247 1500 450 1577 praeclarissima
460 1490 605 1550 secundum
620 1487 692 1556 ipsos
707 1480 813 1553 pietatis
826 1475 922 1532 indicia
936 1479 1031 1543 prete·

248 1592 353 1652 urent
368 1587 494 1659 Egregius
506 1578 620 1636 Romani
635 1573 749 1630 nominis
762 1570 867 1626 iiarcus
878 1561 1029 1625 Marcellus,

249 1686 295 1756 qui
306 1682 450 1755 Syracusas
464 1676 524 1747 (a),
543 1670 636 1727 urbem
657 1663 862 1727 ornatissimam,
882 1655 973 1762 cepit.
988 1667 1031 1709 rc·

247 1777 402 1834 iertuream
417 1771 488 1841 prius
501 1764 607 1820 licuisse
620 1760 758 1823 ruituram,
777 1763 805 1810 et
821 1759 883 1807 aute
897 1763 956 1819 epus
974 1761 1032 1802 san·

248 1867 354 1939 guinem
368 1859 473 1917 suasiili
488 1857 619 1927 iacrymas
638 1847 763 1906 eliudisse
778 1844 827 1918 (ι).
845 1841 934 1899 Gessit
945 1848 973 1895 et
984 1853 1031 1893 cu·

249 1972 307 2012 ram
321 1951 463 2025 pudicitie,
474 1947 553 2003 etiarn
565 1944 592 1998 ιιι
607 1941 684 1996 boste
697 1935 843 1994 servande.
864 1931 929 1987 Nam
940 1930 1031 2031 prius·

247 2061 328 2119 qnam
346 2042 471 2115 oppidum
494 2039 578 2093 victor
601 2032 726 2103 jussisset
758 2024 866 2090 invadi,
893 2020 1030 2078 constituit

248 2136 394 2200 edicione
409 2131 469 2201 quis
487 2139 583 2195 corpus
605 2122 716 2176 liberum
734 2115 846 2172 uiolaret
866 2110 911 2184 (e).
930 2110 1030 2165 Eversa

247 2237 389 2287 esttamen
400 2223 495 2279 civitas
508 2230 583 2273 inore
594 2213 736 2276 beliorum,
756 2222 805 2262 nec
818 2204 919 2273 uspiam
933 2201 1029 2270 iegitur

247 2319 283 2377 ab
295 2318 454 2386 imperatore
468 2319 520 2364 ιιιιι
539 2315 613 2362 essto
625 2311 705 2372 atque
718 2295 843 2354 clementi
865 2293 946 2348 luisse
961 2305 1029 2360 prce·

247 2417 365 2481 ceptum,
379 2413 408 2459 ut
420 2399 539 2472 quisquis
556 2395 590 2452 ad
600 2392 663 2450 iilud
675 2390 715 2446 rel
728 2387 794 2445 illud
808 2384 932 2455 tempium
945 2381 1028 2452 iugis·

246 2514 299 2568 set,
311 2496 413 2555 abiret¹
427 2493 534 2549 illesus.
546 2485 622 2556 Quod
635 2484 726 2553 utique
742 2478 816 2534 uullo
828 2474 907 2532 modo
919 2480 1030 2544 praeter*

246 2591 346 2655 iretur,
366 2582 471 2656 quando
497 2593 547 2635 nec
564 2577 622 2647 ejus
642 2573 730 2637 betus,
752 2583 802 2625 nec
823 2564 893 2636 quod
907 2562 1029 2664 edixerat

246 2697 298 2754 pro
309 2678 434 2754 pudicitia
443 2672 552 2729 minime
564 2664 702 2728 violanda,
716 2660 801 2733 potuit
813 2656 904 2712 taceri.
918 2653 1025 2718 Fabius,

245 2773 397 2832 Terentiae
409 2767 483 2823 urbis
497 2775 615 2824 eversor,
635 2771 651 2810 a
672 2752 875 2810 simulacrorum
892 2743 1028 2816 depreda-

245 2868 318 2922 tione
339 2877 369 2918 se
389 2855 549 2915 abstinuisse
567 2846 700 2904 laudetur.
720 2842 786 2898 Nam
805 2854 865 2896 cum
888 2836 914 2893 ei
939 2834 1026 2890 scriba

245 2952 420 3026 suggessisset
432 2946 495 3018 quid
507 2943 541 2998 de
552 2940 635 3011 signis
646 2936 768 3002 deorum,
782 2945 842 3003 quse
853 2927 936 2983 multa
949 2936 1025 2997 capta

245 3050 361 3111 inerant,
378 3041 435 3098 lieri
454 3037 570 3109 juberet,
585 3027 771 3086 continentiam
792 3036 867 3079 suam
887 3019 966 3075 etiam
985 3018 1028 3088 Jo-

245 3138 332 3196 cando
343 3131 468 3192 condivit.
482 3112 609 3195 Qunsirit
619 3119 701 3180 enim,
715 3111 861 3185 cuijusmodi
876 3117 984 3165 esseut:
999 3113 1027 3162 et

245 3247 305 3287 cum
316 3229 341 3284 ci
354 3242 406 3282 uon
420 3223 505 3279 solum
517 3215 599 3274 multa
623 3207 752 3283 grandia,
774 3218 867 3260 verum
884 3200 964 3257 etiam
984 3213 1027 3253 re-

246 3322 429 3380 nuntiarentur
441 3318 552 3370 armata,
567 3305 756 3373 Relinqnarnns,
772 3294 866 3366 inquit,
882 3288 1026 3346 Tarentinis

246 3414 305 3467 deos
314 3411 391 3465 irotos
403 3404 454 3473 (dl.
464 3401 530 3456 Cum
543 3396 622 3466 igitur
633 3407 682 3448 nec
694 3389 764 3445 illius
774 3386 874 3450 iletum,
885 3397 935 3437 nec
948 3379 1027 3450 hujus

244 3503 339 3565 risum,
354 3508 404 3552 nce
415 3492 485 3548 iilius
497 3495 597 3543 castam
610 3476 830 3542 misericordiam,
840 3487 889 3529 nec
898 3471 976 3540 hujus
986 3470 1025 3523 la·

246 3601 332 3648 cetam
355 3575 755 3642 continentiam,ilomanarnm
778 3577 874 3621 rerum
891 3571 1025 3633 gestamm

245 3681 389 3750 scriptores
398 3683 487 3729 tacere
496 3664 642 3740 potuerint;
653 3656 758 3730 quando
767 3653 1024 3726 praetermitteretur,

245 3766 407 3839 siaiiquibus
417 3756 566 3817 bominibus
576 3755 601 3809 in
613 3751 742 3806 honorem
755 3744 901 3815 cujuspiam
914 3741 1025 3796 deorum
1042 3804 1045 3810 Ι

244 3875 354 3919 suorum
366 3859 404 3914 sic
413 3851 593 3928 pepercissent
604 3886 612 3909 .
626 3852 658 3900 ιιι
670 3841 696 3897 in
715 3852 846 3910 quoquam
865 3834 965 3903 templo
977 3846 1026 3888 ce-

244 3955 305 4010 dem
318 3950 361 4007 vei
375 3944 553 4017 captivitatem
569 3935 626 3992 lleri
639 3929 831 4004 prohiberenti

243 4064 356 4126 cubus
370 4060 427 4118 lii.
437 4084 473 4100 -ω
486 4051 559 4121 Qoed
571 4051 598 4104 in
621 4047 745 4103 modone
764 4040 841 4098 bru·
861 4054 918 4110 quoe
935 4053 1025 4110 aspere

228 4141 235 4163 ¹
279 4165 349 4231 gnta
357 4159 423 4216 ssut,
438 4148 469 4203 de
478 4138 656 4200 cmsuetsdine
665 4134 800 4190 occiderint
810 4131 869 4186 belli
880 4145 889 4194 ,·
901 4144 958 4201 qun
967 4144 1025 4183 sero

280 4249 420 4307 eiornnrter,
432 4240 463 4293 de
475 4233 586 4306 potentio
599 4225 755 4299 provenerint
769 4222 877 4278 nontinis
890 4220 995 4275 (ιιιιιιι.

279 4351 411 4429 Quidquid
423 4363 487 4421 ergp
500 4340 664 4404 vastationis,
679 4333 873 4399 trucidationis,
888 4329 1026 4402 depraeda-

245 4451 336 4516 tionis,
350 4435 582 4503 concremationis,
605 4426 766 4494 afflictionis,
785 4425 814 4480 in
827 4424 876 4478 ista
895 4421 1025 4479 recentis·

244 4543 311 4600 sima
322 4539 440 4595 Romana
452 4521 703 4586 cladecommissum
715 4525 766 4581 est,
779 4514 841 4570 lecit
854 4514 905 4568 boc
911 4527 1025 4568 consue-

245 4606 462 4690 tudobeiiorum.
482 4615 558 4685 Quod
569 4621 659 4667 autem
674 4622 748 4664 more
766 4618 834 4661 novo
856 4602 953 4658 lactum
973 4611 1024 4667 est,

244 4720 316 4795 quod
335 4715 459 4774 inusitata
473 4706 583 4764 rerum¹
597 4700 663 4757 lacie
684 4695 833 4753 immanitas
847 4694 957 4749 barbara
971 4703 1024 4748 mm

276 4838 718 4972 ζξῗιῖιῇιιᾞῖ’ὴξιιϋὲιῐιαῖἰιιοῖὲ
737 4889 819 4941 codiee
835 4888 898 4938 libro
918 4887 1025 4940 silvane·

245 4975 443 5098 ete(tolsii'sguacnsae
453 5027 537 5078 ciuitas
548 5029 587 5072 est
596 5022 622 5070 in
636 5014 711 5068 sicilia
721 5025 793 5078 mam
803 5011 918 5061 obsidens
927 5009 1025 5059 barcel-

245 5098 293 5156 lus,
307 5091 452 5142 Archimedis
470 5084 606 5152 syracusani
621 5077 737 5146 machinis
754 5086 821 5136 sepe
836 5084 866 5121 re
882 5070 957 5129 uisus,
977 5078 1026 5143 ter·

245 5166 280 5208 tro
287 5153 383 5207 tandem
394 5163 457 5199 anno
471 5144 627 5210 expugnavit.
639 5147 696 5199 oue
706 5137 745 5186 luc
753 5134 786 5185 de
796 5141 871 5183 ttarce
890 5139 1025 5194 caugusti-

316 5215 430 5278 leguntur
441 5212 467 5259 in
479 5210 551 5265 bivio,
562 5207 604 5255 lib·
615 5203 685 5262 bibe.
697 5197 738 5248 ιι.

245 5230 406 5450 muibrabat
419 5271 503 5329 liuius,
514 5269 556 5317 bb.
568 5267 608 5327 23,
616 5277 669 5327 cap.
679 5259 718 5310 at.

287 5329 582 5394 admuntensem.
785 5342 789 5351 ·
886 5378 891 5389 ι
1010 5374 1015 5385 ⁸

277 5401 287 5492 ι
307 5400 465 5462 incentum,
475 5389 588 5440 calabrie
598 5387 694 5442 urbem,
704 5393 759 5445 qnae
772 5391 786 5428 a
799 5374 943 5427 bomanrsad
959 5382 1028 5423 innt-

246 5464 329 5513 been
335 5457 469 5512 deiecerat,
480 5459 507 5510 0.
519 5451 604 5498 babius
613 5447 726 5496 narinus
737 5451 888 5511 verrucosus¹
897 5448 1027 5507 recupera·

245 5525 289 5582 ιιιι,
301 5519 466 5578 militibusque
483 5509 640 5575 diripiendam
655 5504 759 5556 tradidit.
779 5503 821 5551 bic
837 5503 920 5548 Fabius
932 5504 969 5546 est
985 5494 1028 5546 iiio

395 5580 432 5627 ,ω
823 5621 828 5631 ⁸

246 5585 906 5689 dewmrffr'nn’iononotr'snonronuoresrbnnren.
957 5680 987 5692 ..

246 5703 343 5759 eiusde
353 5701 534 5751 tarentinorum
553 5689 686 5744 simulacris
699 5697 842 5748 responsum
853 5686 922 5734 atlort
941 5687 1029 5741 tarius,

245 5761 457 5828 mmmm

1088 445 1161 492 mitis
1183 440 1324 510 apparuit,
1350 450 1379 496 ut
1403 439 1572 510 amplissima
1594 439 1709 496 basilice
1731 441 1871 511 implendae

1088 528 1185 597 pupulo
1199 529 1240 582 cui
1254 539 1420 599 parceretur,
1435 530 1598 600 eligerentur
1611 538 1638 585 et
1653 529 1870 596 decernerentur,

1089 615 1132 671 ubi
1148 631 1225 673 nemo
1236 617 1369 685 ieriretur,
1385 619 1454 676 unde
1469 635 1546 676 uerno
1566 629 1714 690 raperetur,
1735 636 1788 692 quo
1801 620 1870 676 iibe-

1087 703 1162 760 raudi
1189 707 1264 763 inulti
1290 723 1306 764 a
1332 709 1519 766 miserantibus
1546 710 1666 767 hostibus
1690 711 1869 779 ducerentur,

1086 794 1157 850 unde
1170 797 1316 868 captivandi
1339 800 1383 855 ulii
1394 801 1403 831 ¹
1415 815 1465 856 nec
1487 815 1503 856 a
1522 800 1673 856 crudelibus
1689 800 1809 857 bostibus
1821 800 1870 855 ab·

1085 885 1262 958 ducerentnr;
1276 890 1327 946 boe
1339 891 1438 947 Christi
1451 891 1561 959 nomini,
1582 891 1632 947 boc
1645 891 1791 948 christiano
1802 900 1871 948 tent·

1085 980 1142 1048 pori
1154 980 1319 1037 tribuendum
1334 982 1456 1054 quisquis
1468 998 1521 1038 non
1534 982 1615 1050 uidet,
1630 998 1716 1039 cneus
1728 1000 1736 1049 ;
1749 981 1870 1054 quisquis

1085 1070 1166 1138 videt,
1182 1088 1231 1129 nee
1243 1073 1347 1142 laudat,
1360 1075 1494 1146 ingratus;
1516 1075 1635 1146 quisquis
1658 1075 1774 1131 laudanti
1794 1074 1868 1130 relu-

1083 1169 1181 1231 ctatur,
1201 1165 1308 1221 insanus
1318 1175 1369 1222 est.
1394 1166 1472 1222 absit
1486 1175 1515 1222 ut
1531 1166 1796 1237 prudensquisquam
1816 1165 1869 1222 boe

1084 1251 1181 1308 ieritati
1194 1253 1306 1324 imputet
1319 1256 1504 1312 barbarorum.
1521 1256 1767 1312 Truculentissimas
1779 1265 1806 1312 et
1817 1271 1870 1312 se·

1084 1343 1205 1400 vissimas
1215 1357 1317 1402 mentes
1330 1347 1373 1402 ilie
1386 1348 1488 1415 terruit,
1503 1348 1546 1403 ilie
1562 1347 1683 1416 irenarit,
1700 1349 1746 1404 ille
1757 1347 1868 1404 mirabi-

1084 1432 1144 1489 liter
1157 1437 1320 1506 temperauit,
1336 1437 1381 1508 qui
1396 1452 1442 1507 per
1460 1437 1617 1508 prophetam
1631 1446 1703 1494 tanto
1719 1447 1781 1494 ante
1796 1453 1865 1508 pre·

1083 1523 1151 1581 dixit
1163 1544 1171 1581 a
1189 1525 1300 1582 ιἰιιιιιιο
1312 1528 1339 1583 r'n
1351 1529 1421 1600 virga
1432 1530 1574 1600 iniquitates
1584 1545 1678 1595 eorum,
1700 1540 1723 1585 et
1738 1531 1764 1584 in
1773 1531 1867 1601 tingel-

1083 1615 1115 1671 ιιι
1138 1627 1239 1688 perenn
1258 1635 1344 1674 eorum
1355 1637 1366 1685 ,·
1390 1620 1589 1674 nriserieordr'ont
1609 1630 1691 1676 nutent
1716 1638 1796 1677 oseam
1815 1638 1868 1678 nun

1083 1707 1225 1779 dispergant
1238 1709 1269 1763 ob
1283 1711 1318 1765 eis
1328 1709 1412 1782 (Psoi.
1429 1726 1558 1779 srxxvtu,
1579 1711 1624 1780 53,
1638 1713 1694 1782 ιιι).

1083 1817 1194 1879 CAPUT
1211 1818 1313 1874 titb-
1327 1819 1366 1874 ile
1377 1821 1515 1876 commodis
1527 1831 1602 1894 atque
1619 1823 1794 1890 incommodis,
1809 1786 1868 1895 qaus

1179 1912 1249 1966 bonis
1261 1928 1292 1965 nc
1305 1912 1378 1966 mulis
1388 1912 1533 1983 plerumque
1544 1914 1686 1968 communia
1695 1924 1764 1970 ιιιιιι.

1081 2027 1095 2057 ⁵·
1118 2025 1144 2078 l.
1159 2023 1233 2079 ilicet
1243 2024 1339 2095 aliquis
1351 2040 1359 2083 ε
1371 2023 1497 2095 Curergo
1507 2024 1556 2080 ista
1569 2025 1658 2081 divina
1679 2024 1864 2081 misericordia

1081 2115 1203 2172 etiamad
1215 2117 1311 2188 impios
1324 2117 1493 2188 ingratosque
1505 2115 1644 2186 pervenit?
1656 2116 1718 2183 Cur,
1730 2127 1864 2186 putamus,

1081 2209 1132 2264 uisi
1144 2210 1204 2280 quia
1217 2223 1275 2264 eam
1290 2209 1334 2265 iile
1348 2209 1470 2279 prebuit,
1488 2210 1534 2280 qui
1544 2208 1660 2279 quotidie
1673 2210 1735 2281 fecit
1750 2209 1812 2263 oriri
1823 2226 1866 2265 so·

1082 2298 1213 2353 bossunrn
1223 2315 1299 2369 nuper
1314 2299 1425 2354 bonoset
1443 2299 1533 2364 malos,
1552 2308 1576 2352 et
1586 2297 1651 2368 pluit
1661 2315 1737 2368 anper
1750 2300 1830 2370 justos
1841 2309 1866 2354 et

1080 2388 1187 2459 injustos
1200 2387 1303 2462 (ιιαιιιι.
1315 2404 1342 2456 v,
1355 2389 1400 2459 ts)
1412 2388 1424 2442 l
1436 2388 1639 2457 Quamvisenim
1651 2389 1758 2460 quidam
1771 2405 1863 2446 eorum

1081 2476 1130 2532 ista
1141 2478 1296 2549 cogitantes,
1311 2477 1463 2548 poenitendo
1475 2477 1509 2534 ab
1520 2478 1694 2556 impietate-se
1703 2480 1839 2550 corrigant
1851 2497 1860 2545 ;

1081 2567 1187 2638 quidam
1199 2583 1273 2635 sero,
1286 2569 1356 2624 sicut
1376 2568 1519 2640 Apostolus
1532 2569 1605 2634 dicit,
1619 2571 1721 2626 ‹tioitier
1741 2570 1862 2628 bonitatis

1080 2668 1105 2714 et
1115 2659 1312 2731 longanimitatis
1330 2658 1377 2714 Dei
1395 2669 1607 2726 contemnentes,
1630 2659 1769 2716 noandum
1789 2661 1864 2715 dori·

1080 2750 1141 2805 tiam
1152 2751 1235 2806 cordis
1245 2752 1285 2807 soi
1294 2761 1318 2806 et
1329 2768 1374 2806 cor
1383 2752 1538 2822 impenitens
1552 2751 1730 2807 thesaurizent
1742 2753 1789 2806 sibi
1798 2754 1863 2808 iram

1079 2843 1107 2897 in
1120 2843 1162 2897 die
1177 2843 1223 2898 iroe
1239 2853 1263 2897 ct
1277 2844 1435 2899 revelationis
1442 2844 1506 2914 insti
1516 2843 1610 2914 judicii
1628 2841 1688 2909 Dei,
1709 2844 1753 2914 qui
1770 2844 1858 2900 reddet

1079 2933 1212 3001 unicuique
1223 2933 1360 2987 securtdum
1378 2933 1518 3001 operaejns
1528 2932 1615 3002 (Rom.
1629 2949 1658 2997 n,
1674 2933 1701 2998 d,
1713 2932 1740 3003 6)
1752 2951 1760 2989 a
1775 2943 1862 2991 tamen

1080 3023 1204 3094 patientia
1218 3024 1264 3078 liei
1277 3022 1310 3078 ad
1325 3023 1507 3093 poeniteutiam
1521 3023 1613 3078 inuitat
1626 3023 1721 3091 maios,
1736 3024 1803 3079 sicut
1816 3025 1863 3082 iia·

1079 3116 1176 3186 gelinm
1191 3116 1236 3172 ilei
1246 3116 1279 3171 ad
1295 3115 1447 3187 patientiam
1458 3115 1545 3170 erudit
1560 3114 1655 3171 bonos.
1677 3114 1795 3186 itemque
1809 3118 1862 3174 mi-

1079 3208 1220 3265 sericordia
1233 3209 1279 3264 liei
1293 3207 1420 3264 fovendos
1438 3207 1605 3277 amplectitur
1616 3207 1711 3272 bonos,
1733 3208 1802 3263 sicut
1819 3223 1862 3264 sc-

1078 3301 1175 3356 reritas
1188 3300 1235 3354 bei
1248 3297 1395 3369 puniendos
1406 3297 1516 3368 corripit
1525 3297 1618 3353 malos.
1643 3297 1745 3353 Placuit
1763 3298 1862 3370 qnippe

1078 3391 1178 3447 divine
1203 3389 1375 3461 providentie
1398 3402 1547 3460 praeparare
1572 3388 1599 3443 in
1631 3397 1765 3459 posterum
1791 3389 1861 3446 bona

1076 3479 1164 3550 justis,
1177 3479 1273 3549 quibus
1294 3494 1347 3534 non
1369 3476 1489 3534 fruentur
1503 3476 1611 3547 inlusti;
1638 3484 1666 3533 et
1679 3477 1746 3533 maia
1761 3478 1859 3548 impiis.

1077 3571 1235 3640 quibusnon
1247 3568 1467 3624 excruciabuntur
1484 3567 1556 3623 boni.
1581 3564 1633 3622 lsta
1644 3582 1708 3622 vero
1726 3575 1861 3636 tempora-

1078 3660 1112 3715 lia
1128 3660 1195 3715 bona
1209 3667 1238 3714 et
1257 3659 1324 3714 mala
1338 3658 1456 3729 utrisque
1473 3658 1557 3714 uoluit
1573 3671 1634 3714 esse
1647 3657 1797 3713 communia
1812 3671 1862 3716 :ut

1077 3764 1128 3804 nec
1141 3748 1209 3804 bona
1220 3748 1342 3818 cupidius
1354 3755 1522 3818 appetantur,
1536 3761 1596 3815 quae
1613 3746 1674 3801 mali
1692 3761 1797 3817 qnoque
1810 3748 1861 3803 ba-

1077 3837 1142 3892 bere
1155 3845 1318 3900 cemuntur;
1333 3850 1382 3891 nec
1396 3834 1464 3890 mala
1476 3836 1587 3906 turpiter
1601 3835 1742 3904 evitentur,
1764 3836 1861 3907 quibus

1079 3935 1107 3982 et
1118 3926 1179 3981 boni
1194 3925 1348 3996 plerumque
1360 3923 1519 3979 alliciuntur.

1114 4015 1142 4071 ι.
1158 4015 1270 4071 interest
1281 4024 1369 4070 autem
1381 4013 1535 4086 plurimum,
1549 4012 1634 4084 qualis
1645 4013 1802 4070 sitususvel
1812 4031 1860 4072 ea-

1078 4122 1137 4163 rum
1153 4120 1314 4176 rerumquae
1328 4118 1473 4175 prospere,
1497 4104 1539 4159 vel
1553 4117 1645 4159 earum
1659 4118 1719 4174 que
1737 4104 1862 4162 dicuntur

1078 4199 1206 4256 adversae.
1219 4197 1284 4254 iiam
1299 4197 1384 4253 bouus
1398 4194 1587 4265 temporalibus
1604 4210 1654 4251 neo
1668 4197 1744 4252 bonis
1758 4199 1862 4254 ertoiii-

1078 4299 1138 4356 tur,
1158 4303 1208 4343 nec
1220 4286 1297 4343 malis
1310 4286 1455 4356 frangitur;
1469 4285 1555 4339 malus
1566 4294 1654 4340 autem
1669 4285 1728 4341 ideo
1740 4285 1862 4358 bujusee-

1078 4380 1152 4439 modi
1175 4378 1329 4435 intelicitate
1351 4378 1479 4448 punitur,
1502 4376 1563 4446 quia
1575 4376 1700 4434 ieiicitate
1712 4381 1862 4451 corrumpi·

1078 4483 1132 4530 tur.
1158 4470 1279 4526 Ostendit
1292 4476 1380 4525 umen
1401 4468 1471 4523 licus
1491 4481 1563 4538 sepe
1575 4466 1655 4524 etiam
1674 4468 1701 4523 in
1718 4468 1760 4526 bis
1773 4470 1863 4527 distri-

1078 4562 1192 4620 buendis
1203 4559 1351 4617 evidentius
1361 4558 1541 4629 operationem
1566 4573 1652 4612 suam.
1667 4556 1732 4612 Nam
1749 4558 1772 4612 si
1793 4575 1864 4616 nunc

1079 4669 1159 4712 omne
1173 4661 1309 4724 peecatum
1321 4651 1459 4706 manilesta
1472 4649 1600 4719 plecteret
1614 4662 1691 4718 poerm
1704 4649 1726 4713 ¹,
1743 4648 1808 4704 nibil
1820 4653 1863 4706 ui-

1079 4747 1147 4802 timo
1170 4741 1270 4813 judicio
1294 4741 1395 4797 seruari
1418 4746 1694 4810 putaretur2mrsus
1718 4738 1740 4792 si
1762 4740 1863 4796 nullom

1079 4844 1218 4906 peccatum
1240 4845 1311 4886 nunc
1322 4831 1427 4901 puniret
1449 4838 1541 4898 aperte
1561 4827 1697 4893 bimatus,
1720 4828 1791 4883 nulia
1804 4847 1864 4888 csse

1079 4923 1245 4996 providentia
1259 4920 1347 4974 diuina
1360 4917 1522 4973 crederetur.
1543 4916 1671 4972 Similiter
1682 4917 1709 4972 in
1724 4918 1804 4974 rebus
1820 4936 1865 4976 se·

1079 5015 1185 5079 condis,
1209 5012 1232 5067 si
1248 5025 1301 5066 non
1313 5025 1359 5065 eas
1381 5009 1451 5065 ileus
1463 5007 1619 5078 quibusdam
1641 5009 1791 5079 petentibus
1807 5014 1867 5067 eri--

1079 5104 1235 5164 densissima
1256 5101 1377 5172 largitate
1390 5099 1559 5166 concederet,
1587 5114 1640 5154 non
1669 5100 1702 5155 ad
1726 5116 1787 5157 eum
1816 5105 1864 5160 istn

1080 5198 1214 5270 pertinere
1224 5194 1372 5249 diceremus
1386 5208 1392 5245 :
1407 5191 1522 5261 itemque
1534 5191 1556 5244 si
1567 5192 1690 5247 orionibus
1709 5207 1755 5249 eas
1775 5203 1867 5263 peten-

999 5292 1001 5297 ’
1081 5284 1247 5351 tibnsdaret,
1260 5281 1364 5337 nonnisi
1380 5288 1488 5351 propter
1498 5280 1559 5335 talia
1573 5282 1680 5351 premia
1695 5282 1865 5339 seruiendum

1081 5378 1119 5434 iiii
1130 5389 1191 5432 esso
1202 5373 1404 5435 arbitraremnr;
1427 5385 1477 5426 nec
1488 5371 1544 5440 pios
1557 5385 1605 5426 nos
1620 5369 1717 5427 iaceret
1732 5371 1791 5425 talis
1814 5387 1867 5427 ser-

1113 5554 1122 5584 ¹
1135 5547 1249 5618 vindis.
1258 5554 1285 5597 et
1294 5552 1358 5604 tot..
1367 5542 1435 5596 nulli.
1449 5545 1532 5596 verius
1543 5555 1592 5595 sm.
1606 5552 1632 5595 et
1643 5551 1705 5606 tiss,
1717 5541 1867 5594 niti-uri.

1081 5607 1357 5740 Qrbfflocssnnr
1368 5660 1446 5734 pono.
1454 5671 1539 5720 (setosi
1547 5667 1650 5728 codices,
1659 5665 1770 5731 plecteret
1780 5675 1869 5731 poettut

1085 5734 1181 5799 supple,
1193 5731 1314 5782 destituas.
