3900 6390
208 229 264 292 Μ
889 250 990 315 tabell
1008 251 1150 316 sextus

207 346 295 403 rietus
305 356 395 416 emet,
409 350 524 413 εεείιεεε
535 366 640 413 emtam
660 365 689 414 et
700 357 890 417 nobilissimam
903 379 991 423 meto·
1045 374 1221 432 tameootiam
1230 376 1286 448 ipsu
1296 389 1386 453 turpes
1394 384 1542 444 etiularnes
1551 399 1648 460 aruum
1661 398 1829 463 usqueertirt

206 435 299 492 trioetn
313 437 482 498 bamnttram
495 443 504 477 ¹
517 442 569 500 deo
586 445 692 503 Herculi
705 447 787 505 dedit.
810 450 847 506 At
865 452 910 507 illa
930 468 991 515 cum
1021 483 1024 488 ·
1040 459 1076 517 eb
1088 462 1207 522 honestis
1216 468 1258 537 api
1268 469 1427 529 debuerunt.
1440 478 1507 542 Qum
1519 489 1582 534 sunt
1595 495 1660 552 erpo
1673 482 1717 538 ilia
1731 498 1828 552 uera,

203 523 376 585 dormivisset
389 529 415 585 lu
428 531 536 602 umplo,
551 533 616 590 uidit
626 535 653 591 iu
666 538 768 594 mutuis
786 538 926 598 liereuiem
936 543 991 615 sibi
1039 551 1136 620 quibos
1147 557 1258 626 mendis
1272 560 1338 618 tales
1351 563 1431 635 elegit
1443 569 1588 638 sauctitas,
1599 572 1692 642 unnim
1702 588 1755 630 noe
1764 576 1828 648 tby-

202 627 265 671 erro
284 619 474 689 munorum,
487 621 720 694 unquentum,
744 628 815 699 qum
829 629 891 686 tum
901 631 989 690 tom-
1038 645 1133 705 nene
1148 649 1175 704 to
1187 651 1341 713 orontem
1353 655 1519 716 summust

200 702 271 759 deut
283 707 327 762 cui
342 708 456 777 primum
468 711 559 782 iurem
569 713 646 770 obuia
657 715 742 784 lieret,
752 719 823 790 apud
833 720 906 778 ilium
914 733 989 783 esset

200 794 341 853 inuentum
354 801 521 871 mercedem,
541 819 622 876 quatu
633 806 683 862 sibi
701 808 811 866 credere
823 810 933 870 deberet
952 813 988 873 ab

199 886 316 945 liercuie
328 895 497 962 persolutam.
510 896 786 957 temulentorum
800 904 899 973 primus
907 905 986 975 iuro·

198 977 242 1032 uis
264 979 411 1039 ditissimus
421 984 543 1043 Tarutius
559 990 731 1059 occurrisset,
741 1008 853 1065 eamqtte
863 995 986 1056 dilectam
1009 1012 1015 1022 ·

196 1082 290 1127 mcum
305 1072 403 1131 diutius
413 1076 563 1149 habuisset,
579 1081 623 1136 iila
641 1081 747 1141 haerede
767 1088 874 1144 relicta'
888 1088 985 1146 deiun-

1776 279 1834 340 Μ

1038 757 1149 816 CAPUT
1172 762 1235 820 tllt.
1264 795 1302 808 -
1330 766 1368 824 De
1396 770 1641 842 interpretationibus
1669 731 1825 833 umuraiirut
1908 830 1918 849 ,

1071 850 1207 918 rutioutou,
1221 870 1283 927 perr
1292 858 1407 916 tioetoret
1417 864 1511 933 poponi
1521 881 1567 935 pro
1577 865 1625 922 diis
1634 867 1689 925 tuit
1699 866 1825 924 contortus¹

1075 943 1214 1000 κιεειιεε.

1071 1053 1097 1108 l.
1114 1056 1149 1110 At
1163 1056 1233 1113 euim
1247 1057 1345 1118 babent
1358 1061 1406 1118 ista
1415 1064 1609 1139 physiologicas
1622 1070 1758 1141 quasdam.
1768 1072 1823 1128 siu·
1847 1064 1849 1070 ’

197 1167 258 1215 aus
262 1173 314 1218 est.
321 1165 387 1233 Qum
393 1169 582 1239 amplissimam
590 1191 606 1229 a
606 1174 684 1248 dem
691 1179 839 1248 mmmm,
850 1195 883 1237 ne
888 1181 985 1238 divina
1034 1152 1063 1198 ut
1076 1144 1160 1250 aiunt,
1172 1148 1197 1204 id
1208 1158 1249 1206 est
1260 1154 1416 1210 natantium
1428 1157 1567 1223 rationum,
1579 1160 1818 1244 interpretationes.

183 1245 984 1343 mm*idemluringrau'quodmpfissimumputam
1034 1233 1113 1301 Quast
1127 1254 1191 1296 tero
1201 1257 1250 1298 uos
1260 1244 1286 1298 in
1300 1243 1350 1300 bac
1359 1246 1537 1318 disputatione
1546 1250 1735 1324 physiologiam
1746 1271 1819 1325 εεεε·

196 1358 257 1400 me
269 1347 434 1416 „nmium
446 1354 569 1424 populum
582 1357 729 1416 Romanum
748 1361 827 1416 estam
847 1361 903 1432 ,psa
918 1363 984 1419 wi·
1032 1341 1133 1397 tumus,
1154 1341 1246 1390 elnon
1262 1335 1438 1408 theologiam
1452 1339 1478 1394 id
1490 1350 1531 1396 est
1543 1343 1683 1411 rationem,
1698 1360 1750 1400 non
1770 1360 1819 1401 na·

195 1435 250 1503 pen
260 1435 412 1507 emnem
425 1452 506 1514 „que
527 1446 570 1503 ma
584 1462 637 1504 „on
649 1462 832 1520 comparem,
846 1452 982 1510 imum
1032 1424 1107 1525 lutae,
1122 1422 1169 1478 sed
1181 1424 1239 1479 liei.
1250 1426 1375 1534 Quamuis
1386 1430 1457 1487 eninr
1470 1432 1514 1501 qui
1525 1449 1603 1490 serus
1614 1433 1683 1491 Deus
1696 1444 1748 1542 est..
1763 1453 1816 1493 oon

195 1536 238 1580 est
249 1536 436 1589 testamentum
451 1551 459 1588 :
474 1536 569 1607 quihus
589 1541 691 1597 meritis
712 1558 771 1599 oatn
794 1542 884 1600 icrunt
901 1544 981 1602 etiam
1031 1525 1166 1580 ⁰¹¹¹¹¹⁰¹¹⁰t
1178 1516 1225 1572 ⁸⁰¹¹
1240 1528 1333 1621 ΠΨ
1346 1529 1380 1577 ⁵¹¹
1393 1521 1464 1626 ¹¹⁰¹?
1481 1539 1551 1581 ‘¹¹⁰¹'
1571 1534 1659 1628 ”¹¹¹¹
1672 1540 1758 1582 ⁰¹¹¹¹¹¹⁵
1769 1543 1817 1631 ¹¹²·

194 1617 310 1677 honores
325 1626 453 1684 memisse
465 1628 578 1687 divinos·
1031 1610 1088 1656 tura
1103 1602 1169 1660 deus
1183 1616 1240 1674 est;
1255 1626 1314 1680 qum
1325 1621 1352 1666 ει
1365 1612 1487 1680 bomtuts,
1498 1624 1525 1670 et
1538 1630 1650 1686 peeorts.
1660 1626 1688 1672 et
1699 1616 1813 1687 nrburts,

230 1710 257 1765 ὅ.
271 1710 334 1768 nme
348 1715 371 1770 si
386 1728 471 1786 poem
482 1720 623 1791 mmm,
636 1724 659 1778 si
672 1724 745 1780 mimi
757 1735 882 1796 agerem,
892 1726 927 1783 ad
941 1726 980 1783 [a.
1029 1700 1058 1748 ct
1078 1693 1173 1766 lapidis
1187 1699 1277 1770 utique
1296 1710 1388 1757 nutura
1401 1712 1452 1770 est,
1466 1719 1579 1774 quorum
1601 1706 1666 1760 nibil
1678 1715 1718 1762 εει
1734 1707 1813 1764 bens.

191 1798 312 1858 holosutn
321 1804 480 1878 theologiam
488 1810 638 1869 dicerentur
648 1816 739 1885 procul
747 1816 826 1872 dubio
836 1818 977 1887 pertinere,

192 1899 220 1945 et
228 1905 244 1944 a
252 1892 337 1949 civilis
345 1894 485 1969 theologie
495 1900 623 1970 dignitate
632 1904 778 1974 separantia
786 1905 976 1976 iudicarentur.

190 1980 257 2037 cim
270 1999 335 2042 uero
348 1985 406 2044 brec
418 1990 566 2059 dedecora,
581 2010 635 2050 uon
648 2006 794 2066 poctarum,
807 1997 853 2053 sed
867 2001 978 2069 populo·

189 2087 264 2141 rum;
277 2092 331 2133 non
347 2079 499 2150 mimorum,
510 2085 557 2141 sed
570 2102 723 2155 sucronem
739 2106 790 2146 noo
800 2091 974 2161 theatrorum,

187 2165 237 2220 sed
250 2169 428 2239 teutplorum;
442 2174 517 2231 idest
531 2194 584 2232 nou
595 2177 731 2248 iabuloste,
746 2183 793 2238 sed
805 2184 890 2239 civilis
901 2187 976 2242 tbeo·

187 2251 283 2326 iogiae,
297 2275 312 2314 a
328 2270 401 2317 tamo
417 2269 548 2323 auctore·
561 2270 723 2341 produntnr;
738 2288 791 2329 uon
812 2273 907 2332 ilustru
931 2276 975 2331 bi·

184 2351 302 2406 striones
313 2352 420 2424 badicris
427 2358 529 2414 artibus
538 2360 638 2431 lingunt
645 2361 767 2428 deorum,
776 2381 835 2436 quae
842 2377 912 2422 latita
920 2377 972 2436 cst,

184 2441 387 2510 turpitudinem,
398 2446 444 2503 sed
456 2448 533 2518 piane
542 2450 638 2508 irustra
648 2454 799 2513 sacerdotes
809 2458 880 2513 uelut
891 2460 974 2518 sacris

184 2532 282 2588 ritibus
292 2546 421 2592 conantur
433 2537 534 2610 lingere
545 2540 656 2598 deorum
668 2585 676 2612 ,
690 2561 749 2616 quoe
766 2547 835 2602 utilia
851 2558 908 2614 est,
921 2549 971 2604 uo-

182 2631 326 2682 uestutem.
339 2624 419 2684 saera
434 2606 497 2701 siun
507 2631 635 2700 ittttouis,
651 2645 679 2691 ει
691 2635 748 2692 iure
766 2636 793 2692 ln
806 2638 864 2708 ejus
876 2639 971 2696 dilecta

181 2711 269 2770 insuia
281 2716 361 2773 Samo
373 2720 542 2778 celebrantur
553 2722 575 2788 ⁸,
591 2725 635 2780 nbi
655 2735 763 2796 nuptum
777 2728 837 2783 dala
848 2738 891 2786 cst
899 2729 970 2789 iovi.

180 2804 263 2861 Serra
281 2816 345 2863 suut
355 2807 481 2880 Cereris,
502 2812 574 2869 ubia
596 2815 708 2873 Plutone
722 2827 796 2888 rapto
811 2819 969 2891 Proserpina

180 2898 318 2966 quaerbur.
332 2899 413 2957 Sacra
427 2913 490 2959 suut
506 2904 638 2974 Verteris,
656 2909 700 2964 ubi
712 2921 815 2967 auratus
827 2913 884 2984 ejus
895 2913 969 2970 hdo·

179 2986 223 3042 uis
244 2990 340 3058 aprino
360 2990 441 3049 derne
463 2997 611 3052 exstinctus
627 2997 735 3068 jutettis
760 2999 968 3060 formosissimus

178 3076 322 3147 plangitur.
330 3079 411 3139 Sacra
422 3093 485 3139 sunt
496 3085 586 3142 biatris
598 3088 695 3156 dctim,
711 3091 756 3146 ubi
768 3094 834 3164 Atys
856 3096 968 3167 pulcher

177 3168 338 3227 adolescens
351 3173 385 3228 ab
403 3190 434 3229 ea
447 3175 560 3233 dilectus
573 3187 601 3234 et
620 3179 743 3237 muliebri
757 3184 815 3238 zelo
827 3185 966 3254 abscisus,

176 3260 258 3315 etiam
270 3261 408 3320 bominum
420 3265 600 3335 abscisorum,
616 3284 682 3339 quos
701 3270 789 3328 Gallos
800 3285 910 3343 uocant,
925 3277 966 3332 in·

176 3351 305 3409 felicitato
317 3353 482 3425 deploratur.
498 3358 561 3415 linc
573 3375 634 3416 cum
653 3361 812 3421 deformiora
826 3367 880 3422 sint
892 3370 964 3426 omni

174 3442 282 3499 mentm
300 3444 437 3515 iteditate,
456 3448 520 3519 quid
532 3449 655 3521 estquod
669 3451 786 3510 sabulosa
797 3456 832 3513 de
844 3457 896 3515 diis
916 3460 964 3531 ltp-

174 3529 266 3589 ineuta
292 3546 430 3607 poetarum
451 3539 485 3595 ad
509 3541 641 3599 theatrum
662 3545 783 3603 uidelicet
804 3551 962 3620 pertinentia

174 3625 251 3680 reim
258 3642 401 3686 secernere
413 3632 533 3689 nituntur
543 3650 560 3689 a
571 3637 641 3692 ciuili
656 3637 798 3712 theologia,
811 3659 890 3714 qnam
901 3662 962 3717 per·

173 3716 261 3775 tinere
272 3719 306 3775 ad
318 3723 409 3778 urbem
424 3726 532 3794 uolunt,
547 3732 621 3801 quasi
642 3731 677 3786 ab
693 3733 811 3792 honestis
832 3746 860 3794 et
875 3738 961 3810 dignis

171 3808 281 3880 indigna
303 3821 330 3869 et
344 3815 447 3885 turpiai
461 3817 552 3890 itaque
561 3822 649 3888 potins
661 3831 703 3879 erl
718 3825 789 3882 unde
801 3829 892 3898 gratias
911 3830 960 3887 de·

171 3897 286 3957 beaumr
294 3903 476 3974 histrionibus,
484 3910 530 3980 qui
539 3911 623 3968 oculis
631 3913 766 3971 bominum
772 3931 958 3991 pepercerunt,

171 4007 224 4050 rec
247 3996 337 4050 omnia
357 4001 517 4066 spectaculis
537 4003 722 4073 nudaverunt,
744 4023 809 4079 que
823 4024 958 4069 sacrarum

169 4084 269 4139 aedium
287 4087 432 4156 parietibus
451 4093 617 4152 occuluntur.
632 4097 701 4163 Quid
714 4099 749 4156 de
762 4103 846 4160 sacris
865 4120 957 4162 eorum

168 4176 234 4234 boni
248 4180 416 4236 sentiendum
427 4191 485 4252 est,
505 4201 564 4256 quae
586 4189 703 4246 tenebris
714 4195 883 4263 operiuntur,
896 4211 956 4253 eum

168 4277 224 4324 tam
237 4270 291 4324 siut
300 4270 480 4341 detestabilia,
494 4291 554 4346 quae
567 4277 737 4348 proferuntur
756 4283 783 4340 iu
804 4285 910 4342 iucem?
923 4288 958 4345 Et

167 4372 242 4417 certe
258 4363 321 4432 quid
341 4365 486 4421 inocculto
506 4380 584 4439 agant
597 4387 644 4441 per
654 4373 773 4432 abscisos
795 4387 822 4434 ει
841 4381 953 4449 molles,

165 4450 216 4522 ipsi
240 4454 373 4510 uiderint:
387 4456 496 4513 eosdem
519 4468 608 4517 tamen
628 4461 751 4522 homines
770 4467 910 4525 infeliciter
923 4487 955 4528 ac

165 4545 279 4613 turpiter
301 4556 444 4602 ettervatos
455 4558 535 4619 alque
546 4564 685 4624 cormptos
698 4558 807 4614 minime
820 4562 954 4622 occultare

164 4643 317 4705 potueruut.
333 4637 515 4696 Persuadeant
532 4643 576 4698 eui
589 4657 709 4715 possum,
723 4663 755 4705 se
771 4651 871 4722 aliquid
888 4669 951 4710 sun·

163 4733 235 4778 rtttm
248 4741 296 4795 pm
309 4726 377 4783 tales
390 4729 766 4806 agerebomiuemquosinter
776 4754 825 4796 sua
839 4745 952 4799 sancta⁸

162 4819 297 4872 numerari
312 4830 393 4889 atquc
413 4823 514 4877 uersari
537 4839 634 4896 negare
648 4843 703 4884 non
723 4842 843 4900 possunt.
856 4834 950 4892 Nesci·

161 4924 222 4964 mus
235 4909 298 4980 quial
310 4923 406 4982 agant,
430 4914 477 4969 sed
488 4915 587 4974 scimus
606 4934 653 4988 per
664 4922 756 4991 quales
768 4935 856 4995 agant.
870 4925 952 4984 Noui·

160 5004 305 5057 musenim
319 5017 503 5075 queritantur
522 5008 548 5063 in
562 5023 661 5080 scena,
675 5028 728 5083 quo
741 5030 892 5088 nunqnam,
906 5023 949 5079 tei

155 5092 187 5148 io
200 5093 284 5149 clturo
297 5097 477 5166 meretricum,
490 5099 611 5159 abscisus
623 5112 670 5160 aut
682 5106 770 5163 mollis
781 5109 888 5168 intrauit
902 5122 949 5170 :ct

170 5228 173 5233 .
191 5191 200 5218 ¹
217 5187 286 5245 tuiti,
299 5189 473 5242 inurentiumu.
489 5199 516 5244 nt
537 5197 643 5267 potiores
659 5201 821 5264 manuscripti,
841 5205 948 5257 mieru-

157 5254 223 5297 uou.
245 5255 299 5298 naee
315 5255 428 5314 tacent,
439 5255 514 5305 lnam.
525 5253 568 5308 bb.
582 5259 605 5321 l,
616 5259 709 5324 epm,
724 5263 808 5315 eriora
820 5275 868 5329 est,
879 5273 947 5333 crpus
980 5295 982 5298 ⁴

156 5306 220 5358 lesia
229 5309 337 5362 Floralia.
349 5327 361 5357 u

188 5371 199 5401 ¹
215 5378 274 5425 l'or.
287 5371 380 5431 relicta,
392 5374 462 5426 abest
472 5389 486 5426 a
497 5381 672 5447 rmnusutptte

189 5432 200 5464 ⁸
215 5438 258 5483 lis.
269 5433 325 5486 766.
341 5436 446 5487 doctore.
474 5446 501 5487 tt.
631 5456 637 5466 ·

150 5528 152 5533 ,
186 5491 199 5524 ⁸
215 5498 268 5543 ltss.
282 5494 337 5548 tuo.
349 5496 410 5548 2050
421 5504 446 5547 ct
456 5498 525 5558 mon,
536 5501 723 5560 roborabuntur.
755 5515 784 5561 tt.

186 5555 198 5587 ¹
214 5554 309 5619 aliquot
326 5563 391 5618 tiss,
406 5572 451 5609 suo
466 5574 546 5611 amru.
562 5566 634 5617 t‘aulo
649 5580 703 5632 post
724 5572 796 5634 editt,
814 5586 869 5638 unte
883 5588 944 5628 nutu·
964 5575 967 5581 ’

154 5627 227 5677 nourr
239 5620 275 5668 tel
291 5619 317 5670 in
331 5620 405 5671 choro
422 5622 590 5690 tmretriuuu,
607 5640 654 5695 quo
669 5642 738 5686 uento
755 5634 868 5702 nimbus,
892 5647 940 5692 etc.

153 5680 314 5732 mundantur
326 5695 357 5734 ex
369 5682 544 5748 ruuuscrtptts.

1028 1782 1057 1838 Si
1070 1794 1157 1842 autem
1173 1787 1395 1860 interpretationis
1408 1792 1495 1863 hujus,
1509 1794 1614 1864 qttnndo
1627 1797 1713 1867 agitur
1726 1796 1759 1852 de
1771 1812 1814 1853 su·

1027 1877 1081 1932 cris
1094 1877 1184 1934 histris
1195 1879 1273 1936 debut
1287 1922 1295 1948 ,
1309 1893 1389 1954 caput
1401 1892 1442 1939 est
1454 1897 1526 1941 corte
1544 1886 1614 1954 nunti
1629 1897 1713 1943 mater
1731 1886 1813 1959 deiltn

1027 1976 1096 2023 terra
1109 1978 1158 2034 est,
1173 1970 1235 2041 quid
1249 1971 1316 2028 ultra
1334 1974 1487 2046 querimus,
1502 1975 1564 2046 qnid
1577 1986 1673 2032 coetera
1687 1992 1811 2049 perscru-

1027 2058 1125 2111 tamur?
1134 2057 1201 2127 Quid
1210 2061 1358 2118 evidentius
1368 2063 1581 2136 suiimgatnreis,
1590 2067 1634 2136 qui
1643 2067 1809 2133 diceneum·

1026 2161 1073 2201 nes
1088 2147 1152 2204 istos
1169 2149 1234 2206 deos
1249 2151 1370 2210 homines
1389 2154 1489 2211 inisse?
1503 2153 1576 2213 Sicut
1589 2158 1660 2212 euim
1684 2169 1745 2214 suut
1755 2168 1810 2214 ter-

1024 2237 1132 2308 rigere,
1144 2240 1182 2296 sic
1197 2242 1205 2274 ¹
1220 2241 1259 2298 cis
1273 2253 1357 2300 mater
1368 2254 1410 2301 est
1424 2255 1504 2302 terra.
1518 2246 1546 2302 ln
1558 2261 1619 2303 uera
1631 2256 1719 2304 autem
1734 2240 1811 2304 tneo'

1024 2326 1091 2400 logia
1104 2343 1171 2399 opus
1193 2331 1239 2387 Dei
1260 2341 1303 2389 est
1326 2343 1406 2402 terna,
1431 2351 1484 2391 nou
1499 2345 1592 2392 mater.
1617 2335 1808 2394 Verumtamen

1022 2433 1129 2490 utroquo
1136 2421 1216 2476 modo
1228 2437 1303 2479 sacra
1314 2424 1371 2495 ejus
1384 2427 1599 2497 interpretentur,
1609 2437 1637 2483 et
1649 2422 1810 2484 reierautud

1021 2522 1111 2564 rerunt
1127 2520 1246 2568 naturam
1258 2529 1266 2579 ;
1278 2514 1349 2570 uiros
1360 2517 1497 2572 muliebria
1511 2518 1573 2589 pati,
1589 2514 1698 2574 nonest
1708 2533 1807 2573 securt-

1021 2598 1083 2656 dum
1095 2613 1225 2671 oraturam,
1238 2607 1285 2663 sed
1298 2616 1390 2664 contra
1411 2619 1541 2665 naturum.
1556 2610 1604 2667 iiic
1618 2609 1736 2678 morbus,
1756 2611 1807 2666 boe

1020 2695 1130 2763 crimen,
1143 2697 1193 2754 boc
1207 2698 1321 2756 dedecus
1333 2702 1413 2758 babel
1436 2703 1505 2759 iuter
1519 2703 1564 2759 illa
1576 2720 1650 2760 sacra
1663 2702 1806 2774 professio·

1019 2802 1091 2852 nent,
1105 2788 1176 2858 quod
1187 2790 1214 2844 in
1224 2789 1325 2847 uitiosis
1338 2791 1475 2848 hominnm
1487 2794 1604 2849 moribus
1618 2795 1662 2849 uix
1676 2793 1756 2851 babet
1766 2796 1805 2850 in-

1019 2883 1060 2932 ter
1071 2886 1201 2936 tormenta
1213 2881 1418 2938 contessionem.
1434 2881 1535 2940 Deinde
1549 2883 1571 2938 si
1584 2884 1633 2939 ista
1646 2889 1732 2950 sacra,
1744 2884 1805 2956 que

1017 2967 1130 3024 scenicis
1150 2970 1357 3041 turpitudinibus
1383 2974 1576 3029 convincuntur
1602 2989 1663 3030 esse
1682 2974 1802 3041 ioediora,

1017 3057 1080 3115 binc
1088 3072 1248 3117 excusantur
1259 3071 1337 3134 atque
1354 3073 1510 3135 purgantur,
1523 3064 1594 3137 quod
1608 3065 1707 3121 babent
1718 3065 1803 3122 iuter·

1016 3149 1178 3219 pretatioues
1197 3165 1270 3218 suas,
1289 3151 1385 3223 quibus
1399 3153 1573 3211 ostenduntur
1593 3170 1681 3211 rernm
1699 3156 1801 3228 sigelli-¹

1015 3254 1077 3296 eat-e
1091 3250 1212 3296 naturam
1225 3259 1233 3309 ;
1246 3258 1294 3299 cur
1306 3260 1359 3300 non
1371 3246 1451 3301 etium
1464 3246 1567 3316 poetica
1578 3246 1700 3301 similiter
1713 3261 1795 3303 eretr-

1014 3344 1106 3388 seotur
1130 3343 1210 3406 alque
1228 3338 1391 3408 purgentur?
1414 3337 1488 3394 hiulli
1513 3337 1583 3393 enim
1607 3346 1635 3395 et
1651 3339 1707 3410 ipsa
1731 3341 1742 3373 ¹
1766 3338 1800 3396 ad

1013 3424 1136 3481 eumdem
1157 3427 1264 3483 modum
1286 3428 1453 3500 interpretati
1474 3438 1557 3487 snut:
1579 3430 1749 3504 usqueadeo
1771 3438 1800 3489 ut

1012 3515 1082 3587 quod
1095 3516 1129 3572 ab
1142 3517 1182 3573 eis
1192 3517 1412 3575 immanissimum
1425 3528 1453 3576 et
1466 3521 1676 3577 intendissimum
1690 3522 1797 3592 dieitur,

1010 3607 1153 3664 Saturnum
1164 3625 1227 3666 suos
1240 3611 1307 3667 ilios
1317 3613 1468 3681 devorasse,
1480 3614 1515 3669 itu
1530 3613 1648 3671 nonnulli
1663 3615 1798 3686 iuterpre-

1011 3708 1108 3767 tentur,
1122 3702 1193 3772 quid
1204 3704 1381 3775 longinquitas
1394 3706 1542 3777 temporis,
1557 3721 1616 3778 quae
1628 3705 1734 3762 Satnnti
1749 3722 1797 3762 no·

1010 3792 1082 3848 minc
1091 3793 1262 3865 significatur,
1273 3794 1400 3867 quidquid
1411 3796 1493 3869 gignit
1502 3797 1558 3867 ipsa
1566 3806 1707 3853 consumat
1720 3815 1726 3852 :
1741 3796 1794 3866 uel,

1009 3884 1078 3941 sicut
1090 3886 1159 3941 idem
1174 3887 1296 3956 opinatur
1311 3887 1415 3956 Varro,
1430 3889 1501 3960 qttod
1513 3888 1645 3959 pertineat
1665 3890 1795 3944 Saturnus

1008 3974 1041 4031 ad
1057 3977 1157 4032 semina
1171 4016 1179 4041 ,
1197 3992 1255 4048 qnae
1277 3977 1303 4032 in
1315 3967 1424 4045 terram,
1436 3977 1470 4033 de
1483 3994 1533 4050 qua
1544 3978 1684 4045 oriuntur,
1698 3972 1794 4034 iterum

1007 4066 1139 4127 recidunt.
1158 4066 1329 4142 itemquealii
1340 4069 1393 4128 alio
1403 4068 1500 4141 modo,
1511 4080 1539 4126 et
1550 4070 1672 4126 similiter
1685 4080 1793 4128 caetera.

1042 4184 1070 4240 2.
1081 4182 1116 4238 Et
1131 4192 1220 4239 umen
1231 4182 1362 4255 theologia
1371 4183 1492 4240 iabulosa
1504 4183 1611 4250 dicitur,
1623 4192 1651 4241 et
1659 4199 1720 4243 com
1732 4198 1793 4240 utn-

1005 4274 1083 4333 uibus
1092 4274 1539 4346 hujuscemodiinterpretationibus
1551 4275 1606 4331 suis
1615 4275 1791 4346 reprebendi·

1005 4377 1061 4436 tur,
1074 4369 1207 4439 abjicitur,
1218 4369 1400 4441 improbatum
1410 4384 1461 4428 nec
1470 4370 1556 4426 solnm
1568 4385 1585 4426 a
1597 4369 1791 4440 naturalique

1004 4458 1222 4530 pbilosophorum
1243 4468 1292 4526 est,
1313 4460 1506 4516 verumetiam
1527 4460 1561 4515 ab
1583 4460 1632 4515 ista
1650 4459 1731 4526 ciuili,
1753 4458 1790 4516 do

1003 4566 1056 4623 qiu
1068 4553 1183 4622 egimus,
1197 4567 1257 4623 que
1270 4552 1305 4609 ud
1319 4553 1399 4610 urbes
1417 4554 1583 4625 populosque
1596 4553 1731 4625 pertinere
1741 4567 1789 4607 as·

1002 4640 1112 4708 seritur,
1126 4657 1159 4697 eo
1176 4642 1247 4712 quoti
1266 4642 1300 4699 de
1314 4642 1366 4699 diis
1388 4642 1495 4714 indigna
1509 4643 1677 4711 curtlinrerit,
1692 4642 1789 4699 merito

1001 4731 1165 4801 repudianda
1176 4732 1336 4789 discernitur
1348 4751 1356 4791 ε
1372 4749 1405 4791 οε
1416 4735 1541 4790 nimirum
1555 4734 1787 4804 consiliumque

1001 4825 1073 4880 niam
1085 4825 1230 4881 acutissimi
1246 4825 1370 4882 homines
1395 4836 1475 4897 atque
1491 4826 1673 4891 doctissimi,a
1689 4825 1789 4896 quibus

1000 4915 1050 4972 ista
1060 4915 1211 4987 conscripta
1229 4926 1291 4973 sunt
1307 4958 1317 4984 ,
1336 4917 1428 4974 ambas
1448 4916 1635 4987 improbandas
1654 4917 1786 4988 iutellige-

998 5008 1073 5072 btnt‚
1087 5017 1115 5064 et
1128 5009 1201 5065 iliam
1221 5010 1323 5066 scilicet
1343 5009 1488 5065 iabuiosam
1507 5015 1535 5066 ει
1557 5009 1636 5064 istam
1657 5009 1784 5079 civilem,

998 5099 1071 5155 illum
1086 5115 1151 5156 uero
1163 5099 1297 5157 audebant
1309 5101 1468 5169 improbare,
1483 5101 1551 5156 bauo
1565 5101 1782 5166 mandebant:

997 5189 1072 5246 ittam
1091 5191 1249 5261 culpandam
1272 5199 1477 5262 proposuerunt,
1501 5191 1570 5248 ltttnc
1591 5191 1650 5263 eius
1665 5193 1781 5250 similem

996 5281 1202 5351 comparandam
1215 5290 1411 5353 exposuerunt;
1422 5296 1477 5337 nou
1499 5291 1529 5337 ut
1540 5280 1599 5338 haee
1614 5298 1667 5353 prae
1679 5283 1724 5338 iila
1737 5293 1780 5339 te·

995 5372 1081 5428 nenda
1095 5373 1247 5443 eligeretur,
1257 5372 1304 5429 sed
1319 5382 1347 5427 ut
1356 5388 1416 5428 cum
1430 5373 1475 5428 illa
1487 5375 1635 5446 respuenda
1648 5374 1779 5444 intellige-

994 5470 1083 5530 retur;
1097 5462 1220 5533 atqueita
1230 5463 1288 5519 sine
1299 5462 1418 5534 periculo
1431 5479 1523 5521 comm
1536 5465 1693 5536 quirinilem
1703 5464 1779 5519 tltoo-

1025 5580 1212 5639 ¹omnesttss.‚
1227 5576 1551 5642 siceuitustutttcrrt'peuoe,
1568 5577 1780 5634 εἰεείεειειεεεει

993 5653 1086 5752 “lin
1097 5706 1150 5752 us.
1162 5700 1221 5756 mro
1231 5699 1565 5765 semronmaron

1782 5825 1805 5859 q·
