3870 6390
167 354 215 415 tlt

168 486 243 533 ran:
256 471 307 528 scd
320 471 381 530 deri
395 488 473 544 posse
488 483 517 530 ut
528 473 638 531 iniurius
651 488 748 544 eorpus
761 475 848 529 anima
863 473 958 530 melior

169 562 309 632 itrhabitet,
323 563 493 635 deteriorque
505 565 635 635 superius.

168 672 281 730 CAPUT
299 671 373 729 titt.
394 703 431 716 -
453 674 522 743 Quid
543 674 704 729 donatoribus
725 684 800 742 utque
820 674 959 729 actionibus

291 764 438 820 watonem
450 766 572 835 Apuleius
587 766 736 822 Platonicus
746 766 860 820 senserit.

202 876 241 933 be
254 878 375 934 moribus
389 894 452 950 ergo
473 878 623 935 daemonum
647 894 707 933 eum
724 878 792 934 idem
808 878 959 932 Platonicus

168 970 335 1042 loqueretur,
358 970 427 1026 utut
444 985 491 1026 eos
505 971 604 1025 eisdem
618 969 713 1039 quibus
732 969 854 1024 immines
877 967 959 1023 animi

170 1061 414 1134 perturbationibus
423 1063 526 1133 agitari,
536 1062 634 1118 irritari
644 1062 757 1133 injuriis,
768 1060 902 1131 obsequiis
912 1059 959 1114 do-

170 1151 387 1224 nisqneplarari,
406 1152 522 1223 gaudere
531 1153 686 1218 honoribus,
702 1151 813 1205 diversis
823 1165 959 1205 sacrorum

169 1240 264 1297 ritibus
271 1242 472 1311 oblectari,etin
481 1243 522 1298 eis
531 1244 553 1297 si
565 1242 626 1313 quid
640 1241 787 1312 neglectum
796 1239 961 1304 luerit,cum·

170 1332 270 1388 moreri
287 1331 393 1405 (Dedcu
406 1332 543 1404 Socratis).
553 1333 624 1389 luter
639 1342 736 1388 caetera
754 1331 833 1387 etiam
846 1331 960 1394 dieitad

169 1438 214 1482 eos
222 1424 538 1495 pertineredivinationes
546 1426 960 1497 augurum,aruspieuut,vatum,

170 1525 248 1588 atquc
255 1519 421 1574 somniorum
434 1519 532 1574 :abluis
541 1534 645 1590 quoque
655 1533 715 1574 csse
729 1519 854 1575 miracula
866 1535 961 1590 mago·

170 1607 340 1681 amulii).
350 1609 566 1666 llreuitrrautem
580 1609 763 1666 eosdcllniens
772 1611 817 1674 ait,
828 1609 962 1666 demones

170 1711 229 1754 csse
240 1713 339 1770 genere
355 1701 490 1766 animalia,
502 1701 591 1756 ausimo
604 1702 720 1771 passiva,
740 1710 829 1757 mente
843 1702 962 1758 rationu·

170 1789 336 1861 lia-empore
347 1791 431 1857 aeria,
444 1800 563 1862 tempore
573 1801 671 1846 aterna
684 1809 691 1844 ι
704 1791 798 1846 ltorunt
808 1807 872 1847 reru
882 1793 961 1863 quin·

170 1896 220 1953 que
229 1882 280 1937 tria
297 1883 387 1954 priora
402 1883 453 1938 illis
466 1897 527 1940 esse
541 1883 578 1955 (u)
592 1899 651 1954 qum
666 1883 754 1951 uobis,
763 1891 885 1954 quartum
898 1900 962 1956 pro·

171 1973 267 2045 prium,
278 1975 400 2046 quintum
410 1991 456 2032 eos
466 1991 526 2032 cum
535 1976 586 2032 diis
594 1974 692 2032 babere
705 1991 845 2033 commune
856 1975 962 2047 (ibid).

170 2063 221 2121 snt
242 2065 323 2121 rideo
342 2066 424 2121 trium
442 2067 610 2138 superiorum
623 2083 682 2137 quur
703 2067 840 2124 nobiscum
854 2068 962 2136 liabent,

173 2155 226 2210 duo
240 2156 321 2212 etiam
332 2157 459 2213 comdiis
473 2158 583 2213 babere.
597 2159 727 2214 Animalia
740 2161 837 2230 quippe
852 2175 912 2216 esse
923 2160 964 2215 di-

171 2247 207 2300 eit
222 2255 252 2302 et
262 2246 335 2313 deus,
348 2249 414 2318 qui¹
430 2263 476 2304 suu
491 2251 586 2319 cuique
597 2250 728 2306 elementa
744 2250 915 2317 distribuens,
937 2252 964 2307 in

171 2340 342 2395 tcmcetribus
355 2341 514 2397 animalibus
526 2357 575 2397 nos
585 2342 673 2413 posuit
682 2358 741 2397 eum
752 2343 855 2398 ceteris
870 2344 965 2414 quiam

172 2438 241 2485 terra
266 2430 358 2486 vivunt
370 2442 397 2487 et
411 2432 538 2498 sentiunt,
554 2433 579 2486 iu
597 2434 755 2502 aquatilibus
768 2435 855 2504 pisces
872 2443 899 2489 ct
914 2434 963 2488 alia

172 2521 302 2587 natatilia,
316 2523 342 2576 iu
357 2523 436 2578 acriis
450 2522 596 2587 demones,
613 2523 639 2576 in
651 2524 767 2578 etiteriis
780 2523 845 2578 deos
858 2522 964 2593 libid).

172 2612 212 2666 lle
224 2626 275 2682 per
284 2611 346 2678 buc,
360 2612 431 2683 quod
441 2613 576 2668 demones
587 2628 684 2684 genere
694 2623 755 2668 sunt
767 2614 900 2679 antiniana,
911 2629 964 2668 non

171 2701 259 2757 solum
273 2703 382 2758 eiscum
397 2703 559 2769 bominibus,
575 2719 668 2760 rerum
682 2705 761 2759 etiam
776 2720 836 2760 eum
849 2705 899 2760 diis
913 2719 961 2774 pe·

172 2792 334 2864 auribusque
359 2810 500 2850 commuue
522 2803 581 2850 est:
605 2794 675 2865 quod
700 2805 788 2849 meme
815 2795 970 2861 rationalia,

172 2898 234 2940 eum
254 2885 306 2940 diis
326 2895 353 2941 et
377 2887 526 2942 bominibus
539 2904 546 2952 ;
560 2886 630 2954 quod
652 2894 770 2956 tempore
782 2896 890 2950 retorna,
905 2900 965 2939 cum

173 2975 225 3031 diis
237 2977 319 3042 sulis;
335 2976 405 3047 quod
418 2978 508 3031 animo
520 2977 635 3048 passim,
651 2993 711 3032 eum
723 2977 874 3031 limniuibns
884 2976 964 3043 sulis;

173 3068 244 3139 quotl
265 3083 380 3138 corpure
398 3072 479 3134 aeria,
495 3069 545 3139 ipsi
563 3076 624 3123 sum
636 3067 694 3122 soii.
710 3066 823 3122 Proinde
835 3066 905 3137 quod
917 3081 965 3137 ge·

173 3172 239 3215 nere
257 3167 321 3213 sunt
332 3158 466 3224 animalia,
482 3174 533 3213 nun
548 3167 590 3214 est
602 3173 726 3228 magnum
739 3173 746 3222 ;
760 3157 825 3226 quia
841 3157 891 3210 boe
904 3164 966 3212 sunt

174 3259 201 3305 et
214 3262 328 3319 pecora:
344 3250 413 3319 qnod
427 3256 516 3304 mente
528 3248 676 3313 rationalia,
690 3261 742 3303 uon
756 3255 798 3304 est
809 3260 888 3317 supra
898 3257 964 3314 uon

174 3339 235 3409 quia
249 3353 343 3394 surmus
356 3348 388 3395 et·
398 3355 463 3395 nos:
479 3339 549 3408 quod
570 3349 688 3409 tempore
702 3349 810 3402 aterna,
825 3336 887 3407 quid
902 3337 965 3391 boui

175 3439 227 3494 est,
242 3430 265 3484 si
281 3444 333 3484 non
354 3430 451 3485 beuta't
466 3429 558 3484 liclior
577 3439 618 3485 est
630 3430 702 3485 enim
716 3429 870 3498 temporalis
883 3428 967 3485 icliei·

174 3530 226 3588 tas,
246 3536 325 3591 quam
348 3521 445 3577 misera
469 3522 614 3576 aeternitas.
639 3519 715 3589 Quod
733 3521 823 3574 animo
843 3521 963 3591 passiva,

175 3615 306 3685 quomodo
320 3629 400 3686 supra
414 3631 464 3671 nus
483 3625 540 3678 est:
556 3616 662 3686 quando
687 3626 714 3670 et
736 3631 785 3694 pos
799 3615 849 3669 hoe
863 3629 965 3685 sumus,

176 3721 226 3764 nee
237 3707 273 3762 ita
287 3719 370 3774 esset,
383 3709 434 3763 nisi
448 3708 538 3764 miseri
553 3707 693 3764 essemus?
709 3708 784 3776 Quod
797 3722 908 3777 corpore
922 3722 967 3762 ao-

176 3801 225 3864 ria,
234 3799 326 3868 quanti
339 3798 523 3855 aestimandum
537 3809 588 3864 est,
600 3799 741 3854 cumomni
754 3798 859 3868 corpori
871 3798 966 3868 prusie-

176 3896 250 3943 ratur
261 3889 357 3943 aruimus
370 3889 571 3959 qualiscumque
585 3901 677 3944 natrna
689 3891 717 3954 ¹3
733 3898 761 3944 et
782 3889 842 3944 ideo
859 3889 967 3956 religio·

177 3979 218 4035 nis
232 3979 329 4044 cultus,
346 3981 391 4050 qui
403 3980 515 4035 debetur
529 3996 561 4037 er
577 3982 676 4045 auium,
689 3996 854 4051 nequaquam
867 3980 966 4036 debea-

177 4084 219 4127 tur
234 4073 318 4140 circi,
335 4089 394 4143 trum
409 4072 518 4129 inierim
528 4085 569 4129 est
579 4074 687 4128 animo?
699 4074 782 4128 Porro
795 4075 816 4128 si
831 4075 898 4128 inter
910 4074 964 4141 illa,

177 4178 237 4232 qum
252 4164 405 4218 canianum
431 4179 491 4219 csse
511 4165 585 4229 dicit,
609 4173 796 4220 annumeraret
813 4160 965 4230 ¹virtutem,

176 4253 512 4322 sapientiaeqtcticiuanm,
522 4264 549 4308 et
558 4254 614 4309 bae
625 4254 781 4310 eusdieeret
794 4254 893 4310 babere
903 4270 964 4309 eum

176 4346 228 4401 diis
239 4355 339 4401 aterna
353 4355 433 4413 atque
446 4347 608 4410 eornruuuia,
623 4347 740 4416 prolecto
752 4345 852 4415 aliquid
866 4346 967 4401 diceret

176 4436 355 4508 exoptandum
369 4437 511 4507 magnique
525 4435 693 4505 pendendum
707 4454 713 4490 :
730 4450 779 4490 nec
799 4436 838 4490 sie
859 4450 905 4490 eos
925 4443 966 4489 ta·

173 4542 236 4582 men
252 4535 362 4597 propter
384 4525 580 4595 necunquam
595 4526 677 4580 ιιιιιιιι
690 4525 781 4581 colere
798 4525 967 4594 deberemus,

150 4611 156 4641 ¹
175 4618 222 4674 ted
233 4618 320 4689 potius
331 4617 428 4688 ipsum,
440 4633 519 4689 aquo
531 4617 589 4672 boee
602 4617 662 4672 illos
672 4618 808 4688 accepisse
819 4632 967 4672 nossemus.

176 4709 281 4777 Quanto
293 4710 382 4764 minus
405 4723 476 4764 nune
496 4707 597 4764 honore
612 4708 703 4764 diuino
717 4709 787 4763 aeria
808 4707 886 4778 digna
907 4715 970 4764 sunt

152 4832 160 4876 ι,
176 4802 310 4865 animatia,
333 4800 367 4856 ad
386 4800 437 4856 boe
450 4800 601 4868 rationalia,
623 4811 651 4856 ut
672 4802 769 4856 misera
783 4816 841 4856 esse
856 4802 967 4871 possint,

154 4881 160 4915 ‘¹
177 4892 209 4947 ad
225 4889 278 4948 hoe
292 4894 409 4962 passiva,
419 4901 449 4949 ut
463 4893 560 4949 misera
573 4894 636 4962 sint,
649 4894 683 4948 ad
693 4892 745 4949 buc
755 4901 864 4960 aterna,
879 4903 908 4949 ut
920 4894 969 4950 mi·

177 4981 273 5037 seriam
287 4982 365 5038 finire
378 4998 430 5039 uon
443 4984 565 5056 possint?

177 5072 290 5131 turbt
310 5073 393 5130 xttt.
408 5105 445 5116 —
466 5075 507 5130 alu
519 5076 625 5148 dignum
636 5076 669 5130 uit
682 5092 724 5131 eus
742 5075 846 5146 spiritua
866 5076 899 5130 ab
922 5076 969 5131 ltu·

213 5168 280 5221 mine
293 5167 353 5232 cuii,
368 5183 384 5220 a
397 5182 503 5234 quorum
517 5169 583 5222 uitiis
595 5183 652 5222 eum
666 5176 780 5238 oportent
795 5167 907 5220 liberari.

213 5258 240 5314 i.
260 5258 439 5329 Quapropter,
464 5268 494 5314 ut
513 5259 634 5313 omittam
649 5268 755 5325 caetera,
774 5267 802 5313 et
815 5256 866 5312 bue
884 5257 969 5313 solum

209 5370 219 5403 ¹
236 5370 274 5421 sie
288 5374 328 5420 tr.
340 5375 367 5418 et
381 5365 472 5441 aliquot
490 5375 545 5419 tiss.
557 5369 600 5418 ulit
611 5368 708 5432 quidam
719 5381 774 5418 eum
791 5367 858 5418 vind.
875 5376 901 5418 et
919 5376 969 5418 tm.

179 5432 301 5490 mittunt,
313 5428 364 5493 qut
386 5436 456 5492 cupas
477 5430 528 5479 loon
545 5430 662 5490 nonnulli,
679 5443 734 5495 qum
747 5442 756 5479 :
768 5438 794 5481 et
810 5437 893 5492 [testea
917 5441 970 5492 pro,

180 5492 311 5546 ιιιιιιιιιιιι,
331 5492 431 5550 babent,
449 5491 586 5542 elemento:
606 5503 680 5555 quum
700 5491 830 5543 lectionem
851 5491 972 5542 immerito

179 5552 341 5616 praetulerunt
350 5554 520 5603 lovanienses.

211 5616 222 5647 ¹
237 5613 291 5664 sola
300 5613 375 5664 editio
386 5619 434 5674 rr,
445 5611 560 5666 unctium
590 5613 613 5665 ri
631 5614 777 5678 preferatur
792 5611 873 5664 ιιιιίιηιι
883 5611 973 5685 φιᾳιίι

178 5688 280 5804 w
299 5675 538 5799 m‘ffffiffl'q
561 5676 586 5741 0,
597 5673 721 5732 muneri
733 5675 972 5741 metamucense

173 5808 176 5815 '
209 5798 249 5864 (a)
259 5806 325 5864 supp
334 5811 359 5861 e,
371 5797 464 5854 eudem.

852 358 954 417 ttubtt
971 357 1135 418 uerutus

1013 481 1183 544 pertractem,
1206 474 1278 546 quod
1301 476 1438 534 nobiseum
1458 479 1595 536 damonae
1614 481 1683 538 dirlt
1695 481 1810 542 *baim

1011 580 1160 631 commune,
1175 565 1202 620 id
1218 575 1260 622 est
1280 567 1359 621 animi
1380 569 1528 639 passiones,
1542 570 1566 626 si
1578 572 1668 627 omnia
1687 580 1806 643 quatuor

1012 654 1141 710 clementa
1157 655 1212 711 suis
1234 657 1392 714 animalibus
1412 660 1489 728 plena
1511 669 1581 727 strat,
1605 662 1808 722 immortalibus

1013 747 1080 818 ignis
1103 757 1130 804 et
1152 763 1209 812 aer,
1233 751 1389 805 mortalibus
1408 767 1476 823 aqua
1495 762 1523 809 et
1536 763 1623 823 tema;
1646 770 1740 826 quaero
1755 769 1808 812 cnr

1012 840 1093 894 animi
1105 840 1255 895 daemonum
1269 843 1421 912 passionum
1430 845 1550 901 turbellis
1560 855 1587 903 et
1599 848 1803 918 tempestatibus

1012 932 1164 1001 agitentur?
1177 933 1344 989 Perturbatio
1358 944 1399 991 est
1411 937 1492 1003 enim,
1508 953 1568 1007 quac
1579 953 1664 1009 grece
1676 945 1749 1004 πάθος
1762 937 1803 994 di·

1012 1025 1099 1079 citur:
1122 1025 1192 1080 unde
1213 1027 1257 1081 illa
1271 1028 1355 1083 voluit
1372 1043 1470 1084 tueare
1484 1030 1572 1084 animo
1593 1033 1716 1100 passira3
1740 1034 1810 1102 qula·

1013 1116 1134 1181 verbum,
1159 1117 1192 1173 de
1213 1119 1296 1174 verbo
1318 1126 1400 1188 πάθος,
1428 1121 1517 1190 passio
1536 1121 1689 1176 diceretur¹
1713 1129 1815 1176 mutua»

1013 1210 1094 1263 animi
1108 1219 1199 1265 eontra
1215 1212 1345 1268 rationem
1362 1212 1410 1284 (u).
1426 1213 1481 1269 Cur
1492 1222 1629 1284 crgosunt
1643 1214 1693 1269 ista
1707 1213 1802 1269 inani⁶
1851 1290 1854 1295 .

1013 1305 1064 1358 mis
1076 1303 1237 1371 daemonum,
1248 1321 1307 1376 quaa
1318 1306 1344 1360 iu
1356 1307 1495 1376 pecoribus
1507 1322 1559 1361 nou
1572 1307 1650 1362 sunt?
1659 1305 1816 1375 Quoniam,-
1853 1357 1856 1367 .

1013 1395 1035 1449 si
1049 1395 1112 1465 quid
1125 1397 1151 1452 iu
1165 1412 1260 1468 pecore
1270 1399 1356 1455 simile
1368 1407 1488 1469 apparet,
1502 1413 1554 1454 non
1566 1408 1607 1454 est
1621 1400 1801 1469 perturbatio;

1014 1486 1143 1555 quianon
1160 1498 1202 1544 est
1214 1498 1307 1545 eontra
1322 1491 1461 1556 rationem,
1479 1506 1530 1561 qua
1546 1505 1640 1561 pecora
1653 1498 1755 1546 carent.
1771 1490 1804 1546 ln
1850 1503 1859 1517 ⁶

1015 1577 1166 1634 bominibus
1179 1589 1267 1635 autem
1292 1589 1320 1636 ut
1339 1583 1392 1637 sint
1413 1582 1470 1636 ista
1493 1582 1714 1652 perturbationes,
1738 1580 1822 1637 lucit:-¹

1015 1666 1067 1724 buc
1080 1669 1201 1737 stultitia,
1217 1672 1259 1727 rel
1274 1672 1390 1728 miseria.
1404 1672 1525 1728 Nondum
1538 1674 1608 1728 cuim
1619 1687 1711 1730 sumus
1721 1674 1748 1728 iu
1758 1672 1804 1731 illa

1015 1758 1178 1829 perfectione
1192 1761 1328 1831 sapientie
1339 1762 1421 1830 beati,
1435 1778 1494 1833 que
1504 1764 1580 1819 nobis
1593 1764 1627 1819 ab
1640 1764 1690 1818 luae
1703 1773 1802 1820 morta·

1015 1852 1088 1908 litate
1101 1853 1218 1908 liberatis
1232 1855 1259 1909 in
1270 1854 1322 1910 line
1336 1856 1506 1926 promittitur.
1524 1856 1592 1910 Deos
1604 1869 1668 1910 vero
1682 1855 1742 1910 ideo
1753 1854 1798 1910 dl·

1014 1952 1079 1999 eunt
1091 1944 1154 1999 istas
1164 1944 1374 2013 perturbationes
1384 1958 1435 1999 uon
1451 1936 1562 2015 perpeti,
1573 1945 1634 2015 quia
1648 1958 1701 1999 non
1715 1945 1821 2000 solum-

1015 2037 1118 2102 setemi,
1130 2051 1220 2093 terrim
1235 2037 1314 2093 ctiam
1328 2037 1397 2092 beati
1417 2045 1488 2092 sunt.
1504 2037 1616 2092 Easdem
1631 2036 1729 2108 quippe
1744 2037 1805 2093 aui·

1016 2142 1074 2182 mas
1087 2128 1231 2184 rationales
1244 2130 1324 2185 etiam
1344 2128 1415 2199 ipsus
1432 2128 1530 2184 lrabere
1544 2129 1694 2198 perbibent,
1708 2127 1755 2185 sed
1768 2129 1803 2185 ab

1016 2220 1088 2273 otnni
1102 2220 1162 2275 labe
1181 2231 1297 2291 acpeste
1312 2221 1476 2291 purissimas.
1495 2219 1674 2287 Quamobrem
1693 2220 1716 2276 si
1739 2235 1803 2291 pru-

1017 2318 1106 2380 pterea
1114 2310 1150 2366 dii
1158 2326 1211 2367 non
1222 2311 1418 2383 perturbantur,
1429 2311 1501 2382 quod
1511 2312 1634 2366 animalia
1642 2320 1704 2367 sunt
1712 2311 1801 2378 beata,

1017 2418 1069 2457 nou
1089 2403 1204 2469 miscra;
1226 2413 1254 2458 et
1271 2412 1412 2474 propterea
1427 2419 1521 2473 pecora
1535 2417 1589 2459 non
1603 2404 1801 2473 perturbantur,

1016 2494 1086 2564 quod
1097 2495 1221 2550 animalia
1232 2506 1304 2562 sunt,
1317 2511 1377 2565 qum
1390 2511 1438 2551 nec
1452 2496 1529 2552 beata
1542 2505 1655 2567 possunt
1667 2510 1737 2564 essc,
1754 2510 1816 2553 nce·

1017 2586 1113 2641 misera
1130 2604 1136 2639 :
1158 2594 1241 2642 restat
1260 2596 1288 2642 ut
1301 2585 1437 2642 daenuoues
1450 2587 1518 2642 sieut
1532 2587 1655 2642 homines
1668 2586 1728 2642 ideo
1741 2601 1803 2658 per-

1019 2675 1166 2742 turbentur,
1181 2675 1253 2747 quod
1262 2677 1385 2731 animalia
1399 2685 1460 2732 sum
1473 2692 1525 2731 non
1535 2676 1623 2741 beata,
1635 2674 1682 2731 sed
1693 2676 1801 2732 misera.

1052 2767 1079 2822 b.
1101 2767 1204 2840 [tillut]
1224 2768 1281 2836 Qua
1294 2769 1372 2838 igitur
1383 2768 1542 2839 insipientia,
1557 2770 1598 2824 rel
1615 2768 1702 2838 potius
1715 2783 1804 2825 ameu-

1018 2858 1053 2912 tia
1074 2873 1122 2928 per
1149 2859 1263 2928 aliquam
1287 2857 1441 2928 religionem
1462 2858 1629 2914 daemonibus
1650 2858 1801 2927 subdimur,

1017 2963 1077 3004 eum
1099 2964 1146 3018 per
1169 2963 1258 3003 veram
1280 2948 1433 3019 religionem
1455 2949 1489 3003 ab
1514 2964 1547 3006 ea
1570 2949 1729 3018 vitiositate,
1749 2965 1803 3021 qua

1017 3041 1070 3097 illis
1088 3057 1179 3096 siturus
1193 3041 1303 3107 similes,
1318 3042 1479 3098 liberemurl
1492 3042 1559 3097 Cum
1571 3042 1642 3097 enim
1654 3041 1802 3110 daemoaes,

1017 3133 1088 3204 quod
1103 3143 1129 3188 et
1143 3134 1193 3188 iste
1206 3134 1343 3204 Apuleius,
1357 3135 1476 3204 quamuis
1490 3134 1530 3189 eis
1544 3133 1685 3204 plurimum
1700 3143 1801 3204 parcat,

1017 3232 1045 3279 et
1064 3223 1160 3281 diuinis
1180 3224 1324 3281 bonoribus
1344 3224 1438 3296 dignos
1460 3232 1576 3292 censeat,
1598 3233 1685 3281 tamea
1699 3225 1815 3295 cogitur·

1018 3316 1147 3382 conliteri,
1161 3315 1198 3372 ira
1212 3317 1386 3388 instigentnr;
1398 3316 1475 3372 nobis
1490 3331 1552 3374 nera
1564 3317 1658 3388 religio
1670 3316 1800 3388 precipit,

1018 3421 1053 3463 ne
1066 3407 1105 3462 ira
1119 3408 1283 3478 instigemur,
1295 3409 1343 3465 sod
1355 3409 1379 3464 ei
1392 3409 1480 3480 potius
1494 3410 1659 3465 resistamus.
1672 3409 1738 3466 Cum
1748 3409 1804 3466 dn·

1018 3512 1111 3553 mones
1123 3497 1199 3553 donis
1218 3498 1372 3566 imitentur,
1386 3498 1463 3554 nobis
1484 3512 1546 3555 tera
1563 3498 1656 3570 religio
1671 3498 1803 3570 precipit,

1019 3602 1052 3644 ue
1064 3587 1187 3659 cuiquam
1202 3589 1332 3645 donorum
1348 3589 1503 3660 acceptione
1516 3587 1662 3646 faveamus.
1672 3587 1804 3646 Gumdas·

1018 3694 1110 3735 munes
1124 3679 1268 3735 bonoribus
1281 3680 1456 3747 mulceantur,
1471 3681 1547 3737 nobis
1559 3695 1620 3736 vera
1633 3680 1725 3752 religio
1736 3695 1805 3753 prae·

1018 3771 1092 3841 cipit,
1106 3780 1136 3826 ut
1148 3771 1243 3826 talibus
1257 3770 1330 3826 nullo
1343 3770 1423 3826 modo
1440 3785 1604 3826 moveamur.
1619 3767 1686 3826 Cum
1702 3770 1804 3828 damo-

1019 3877 1066 3917 nes
1079 3862 1251 3933 quorumdam
1264 3861 1401 3917 bominum
1415 3877 1518 3928 osores,
1533 3861 1710 3932 quorumdam
1726 3877 1803 3919 ama·

1020 3962 1090 4008 tores
1099 3952 1161 4016 sint,
1169 3967 1221 4007 non
1229 3953 1352 4022 prudenti
1366 3951 1561 4022 tranquilloque
1566 3951 1676 4022 judicio,
1686 3951 1734 4008 sed
1742 3952 1803 4007 aul·

1019 4059 1073 4110 ruo,
1088 4054 1117 4099 ut
1129 4046 1247 4115 appellat
1259 4045 1326 4116 ipse,
1336 4046 1441 4115 passivo
1451 4062 1458 4110 ;
1468 4044 1544 4100 nobis
1556 4059 1620 4101 uera
1632 4044 1725 4116 religio
1736 4059 1805 4116 pra·

1018 4136 1367 4206 cipit,utiuimieosnostros
1377 4138 1457 4192 etiam
1467 4133 1804 4209 diligamusllluttindl).

1019 4229 1159 4284 Postremo
1183 4244 1290 4284 omnem
1312 4237 1412 4283 motum
1433 4227 1521 4282 cordis
1542 4237 1571 4282 et
1586 4227 1672 4282 salum
1695 4227 1805 4295 mentis,

1019 4335 1166 4390 omnesque
1174 4320 1300 4377 turbellas
1312 4329 1339 4376 et
1352 4327 1523 4389 tempestates
1537 4318 1629 4383 animi,
1643 4317 1740 4389 quibus
1751 4316 1808 4375 dae·

1018 4425 1113 4467 moues
1128 4420 1240 4467 estuare
1253 4419 1333 4482 atque
1344 4410 1471 4466 fluctuare
1484 4409 1590 4477 asserit,
1604 4424 1654 4465 nos
1667 4424 1731 4465 vera
1743 4408 1809 4464 reli-

1019 4504 1063 4574 gio
1076 4502 1210 4572 depouere
1221 4502 1306 4571 iubet.
1319 4503 1383 4571 Quae
1398 4503 1478 4573 igitur
1492 4515 1572 4556 eausa
1586 4508 1638 4567 est,
1654 4498 1706 4555 nisi
1720 4496 1808 4553 stulti·

1022 4599 1056 4649 tia
1070 4610 1199 4665 errorque
1213 4594 1372 4650 miserabilis
1386 4595 1407 4660 ¹,
1432 4601 1461 4647 ut
1481 4592 1507 4648 ci
1522 4603 1547 4648 te
1559 4590 1643 4647 iacias
1655 4587 1810 4646 uenerando

1020 4686 1158 4753 humilem,
1177 4687 1219 4742 eui
1233 4696 1258 4742 te
1270 4687 1362 4755 cupias
1374 4684 1494 4741 virendo·
1507 4683 1680 4750 dissimilem
1694 4690 1721 4738 et
1741 4681 1807 4738 reli·

1020 4779 1190 4849 giunecolas,
1201 4795 1279 4850 quem
1290 4780 1387 4834 imitari
1396 4779 1475 4844 nolis,
1487 4792 1547 4832 euru
1558 4774 1694 4846 religionis
1703 4788 1808 4831 summa

1020 4872 1056 4928 sit
1070 4871 1167 4927 imitari
1177 4887 1256 4927 ouem
1269 4871 1355 4927 coiis?

1020 4984 1132 5041 CAPUT
1151 4983 1243 5039 xtttt.
1262 5012 1299 5024 -
1318 4983 1407 5050 Qualis
1420 4980 1508 5050 reliqio
1526 4979 1576 5044 n't,
1592 4977 1619 5030 iu
1636 4991 1686 5046 qttu
1704 4974 1809 5032 ducetm

1056 5079 1123 5149 quod
1136 5076 1263 5142 domines,
1278 5083 1306 5130 ιιι
1319 5072 1523 5129 commendentur
1536 5069 1584 5124 utu
1598 5068 1688 5137 duab,
1713 5071 1811 5126 doemo·

1056 5172 1129 5226 uibus
1142 5174 1178 5225 uti
1191 5169 1295 5224 debeant
1306 5167 1443 5223 uduocmir.

1057 5287 1165 5343 Frustra
1179 5287 1258 5356 igitur
1270 5284 1309 5339 eis
1322 5282 1457 5352 Apulcus,
1477 5285 1505 5333 et
1516 5275 1677 5348 quicumque
1695 5274 1734 5332 ita
1749 5288 1808 5332 ten·

1055 5417 1229 5472 ¹code12030
1246 5419 1281 5467 sie
1300 5414 1361 5476 legit
1381 5410 1536 5463 bunelooum
1559 5404 1642 5469 :quio
1661 5406 1764 5478 uerbum
1783 5405 1814 5456 de

1023 5483 1094 5536 turbo
1103 5481 1187 5546 pudor
1205 5476 1284 5544 punio
1295 5475 1393 5535 duum,
1412 5473 1454 5524 sed
1465 5470 1551 5522 annm
1561 5467 1709 5534 perturbatio
1722 5469 1816 5519 ducre-

1023 5549 1369 5679 wrfi‘titrfr'esul'lssqptirubilie.
1635 5663 1643 5678 ο
1715 5651 1737 5700 ⁸¹
1774 5655 1792 5697 7

1025 5652 1820 5792 admitti:interestmissione

1026 5805 1110 5848 mersu
1121 5804 1136 5843 u
1146 5793 1213 5843 ructu
1223 5787 1314 5846 ration
1324 5791 1407 5842 curura
1417 5787 1529 5836 umerum
1539 5788 1613 5830 mann
1625 5780 1760 5826 conurnuttu.
