3900 6390
783 295 828 353 DE
845 291 1005 352 claritati
1024 293 1093 366 uei,
1112 295 1143 353 S.
1163 294 1337 357 AUGUSle

247 296 304 361 ιιι

1836 309 1893 369 edd

248 430 342 474 earum
362 427 447 472 ternos
469 410 695 484 amplectebatur
713 409 846 483 antiquos.
874 409 928 466 Sed
951 425 986 465 ne
1004 410 1044 465 sie
1096 410 1333 480 maadaesse,sed
1355 413 1437 470 ralla.
1452 416 1491 473 Ac
1499 430 1549 490 per
1561 417 1623 484 buc,
1647 418 1670 477 tl
1693 434 1748 478 nan
1772 422 1891 496 quinque

248 508 366 579 quidem,
380 516 410 564 nt
427 505 493 570 diti,
512 504 606 562 Graeca
619 501 753 574 AEgyptior
766 517 879 558 numero
891 511 1043 571 temporum
1097 500 1140 557 rel
1149 517 1208 569 sex,
1222 519 1315 560 reram
1329 504 1409 562 etiarn
1420 509 1557 579 sexaginta
1571 509 1666 581 millia,
1679 511 1737 570 sire
1748 525 1888 588 sexcenta,

249 597 393 656 concordat
411 596 532 663 historia,
555 594 592 650 lit
609 593 670 650 idea
684 592 786 650 araca
805 592 894 663 petius
912 590 980 647 lides
992 589 1043 645 ha·
1094 603 1141 649 ant
1154 595 1283 667 sexagies,
1309 607 1356 652 aat
1378 599 1538 665 sexcenties,
1562 609 1609 657 eut
1621 604 1774 662 sexcenties
1788 607 1886 666 millies

248 691 335 749 benda
348 700 389 746 est
403 706 410 742 ε
428 689 490 760 quia
502 686 641 744 veritatem
654 699 708 740 non
722 682 829 741 excedit
841 696 983 748 annorum,
996 681 1042 754 qai
1094 684 1250 744 diceremur
1269 702 1400 747 annornm
1413 706 1421 759 ;
1436 700 1483 749 aut
1507 693 1597 751 itidem
1609 709 1659 767 per
1681 697 1795 756 totidem
1808 699 1888 760 toties

248 783 356 840 Litteris
381 781 490 848 nostris,
512 793 572 850 quaa
589 791 653 833 uere
671 789 755 831 sacrae
779 781 842 829 sant
861 772 1040 828 continemur.

247 874 366 933 Parrasi
379 873 438 929 lutee
459 870 570 942 epistola
583 867 737 935 Alexandri,
759 882 819 938 qaae
833 866 949 922 marinae
962 865 1042 921 inna-

247 970 307 1036 tuit,
327 968 439 1024 multam
453 965 580 1021 abhorret
597 964 624 1018 ia
639 960 732 1033 spatiis
751 970 900 1030 temporum
914 973 930 1014 a
944 957 1042 1028 proba·

246 1060 293 1115 bili
308 1059 360 1116 lide
373 1074 477 1125 rerum;
491 1065 592 1129 quantu
607 1055 695 1112 nrinns
706 1051 869 1109 credendam
880 1059 921 1108 est
933 1051 985 1106 illis
996 1049 1041 1105 lit·

246 1154 322 1222 teris,
343 1168 410 1225 quas
423 1152 515 1225 pleaas
526 1148 653 1207 sabulosis
671 1146 745 1203 uelut
758 1144 959 1217 antiquitatibus
973 1157 1039 1214 pro·

246 1244 317 1302 lcrre
338 1243 487 1299 soluerint¹
514 1249 606 1298 cantra
629 1240 815 1294 auctoritatem
839 1234 1039 1290 notissimorum

244 1339 449 1409 divinorumque
460 1336 599 1398 librorum,
613 1348 672 1404 quta
682 1339 768 1387 toturn
781 1328 874 1385 orbem
886 1327 936 1383 sibi
951 1324 1042 1382 credi·¹

246 1441 335 1488 turam
349 1444 408 1485 esse
421 1427 552 1500 predixit,
569 1434 597 1481 et
615 1423 658 1480 eui
678 1434 747 1479 tatas
770 1420 853 1487 orbis,
876 1419 945 1474 sicat
961 1417 995 1475 ab
1007 1431 1039 1474 ca

246 1523 401 1592 praedictam
417 1530 468 1586 est,
491 1518 620 1584 credidit;
639 1531 698 1586 quae
711 1529 774 1570 uera
788 1527 818 1569 se
831 1525 954 1568 narrasse
967 1523 1038 1581 pre·

247 1615 335 1680 terite,
346 1629 378 1668 er
393 1611 504 1682 hisquae
516 1609 603 1665 latura
619 1606 817 1678 praenumiauit,
829 1618 890 1661 carm
904 1610 975 1658 taam
989 1615 1037 1657 re·

245 1704 326 1762 ritate
337 1703 489 1774 implentur,
504 1699 638 1757 ostendit!

245 1817 359 1876 CAPUT
377 1817 423 1873 xi.
436 1845 472 1858 —
483 1812 570 1870 aetio
588 1811 712 1885 quibant
724 1808 824 1878 quidem
844 1808 966 1862 mendam
987 1821 1038 1861 non

279 1909 458 1978 sempiternum
471 1913 569 1978 petora,
582 1903 626 1959 rec
636 1911 680 1957 aut
689 1898 896 1966 innumerabiles,
906 1907 952 1953 ortt
968 1915 1037 1953 eum·

279 2002 335 2058 derra
346 2017 424 2056 onata
433 2008 501 2055 certo
511 1997 671 2054 conclusione
688 1993 840 2051 toculorum
852 2006 949 2063 temper
967 1990 1038 2046 nosci

277 2106 306 2150 ct
315 2094 405 2150 resolui
419 2093 565 2164 opinantur.

279 2205 330 2260 lilii
345 2219 409 2260 vero
421 2203 467 2276 qui
486 2199 613 2256 marrdum
626 2198 708 2254 istum
728 2210 782 2252 non
802 2194 954 2251 existimant
963 2207 1035 2249 sern-

241 2296 454 2370 piteraurn,sire
479 2308 531 2348 raon
557 2306 617 2347 enar
644 2289 741 2354 sulatn,
763 2286 810 2343 sed
830 2284 1036 2341 innumerabiles

241 2387 464 2458 opinemur,siue
474 2383 560 2439 salum
574 2371 680 2453 quidem
686 2392 757 2446 esse,
768 2377 815 2434 sed
829 2377 909 2433 certis
917 2375 1031 2432 suania-

241 2493 302 2534 ram
317 2477 462 2533 intervallis
477 2471 706 2530 innumerabiliter
716 2469 782 2526 oriri
797 2468 956 2526 etoccidere
969 2467 1008 2540 (a)
1024 2482 1033 2534 ;

240 2584 353 2627 necesse
361 2577 403 2624 est
420 2567 551 2623 lateantnr
563 2563 698 2620 hominurn
712 2576 796 2633 genas
818 2561 893 2632 prius
910 2560 969 2615 siae
982 2561 1033 2615 ba·

241 2661 357 2717 minibus
366 2658 533 2731 gignentibus
550 2654 680 2712 extitisse.
694 2652 786 2723 Neque
800 2652 871 2707 enim
880 2659 911 2706 ut
920 2650 1033 2707 alluviu-

240 2750 319 2808 aibas
326 2748 507 2818 incendiisque
518 2757 660 2811 terrarum,
686 2757 752 2815 qaas
766 2741 804 2799 illi
815 2756 869 2798 nan
882 2750 976 2812 putant
990 2751 1033 2798 tu·

239 2850 269 2898 to
282 2840 469 2913 prorsusorlre
481 2838 644 2909 contingere,
667 2833 767 2891 etideo
791 2847 890 2906 paucos
911 2831 1032 2890 lrcnrines

239 2949 273 2990 ct
285 2932 381 3004 quibas
392 2928 534 2987 multitado
546 2927 657 2998 pristina
671 2933 821 2997 reparetur,
832 2938 1033 2996 semperrcrna·

239 3040 305 3083 nere
319 3024 492 3086 contendunt,
506 3021 541 3078 ita
555 3029 584 3077 et
602 3019 629 3074 lri
643 3026 757 3090 possam
765 3027 869 3090 putare,
895 3015 966 3087 quod
980 3015 1031 3072 ali·

238 3117 564 3193 qailrcminumpereante
582 3111 682 3168 munda
702 3111 886 3181 relinquantur
905 3108 932 3163 in
950 3123 1031 3163 nran-

238 3210 273 3266 do
285 3211 314 3266 ἰ
326 3209 373 3265 sad
384 3208 454 3264 sieut
465 3206 550 3278 ipsum
565 3203 693 3261 mandam
706 3200 859 3259 exmateria
868 3214 915 3257 sna
928 3198 1031 3256 renasci

237 3301 399 3365 existimant,
414 3299 451 3355 ita
462 3298 489 3354 in
503 3298 548 3354 illo
558 3311 593 3353 ex
604 3295 745 3353 elementis
763 3294 821 3365 ejus
833 3307 918 3365 genas
938 3291 1033 3347 barna·

237 3410 312 3460 terrm,
323 3407 355 3449 ae
364 3389 459 3447 deinde
471 3387 650 3460 aparentibus
661 3385 814 3457 progeniem
822 3383 951 3456 pullulare
960 3397 1032 3438 mor·

237 3485 341 3551 taliam,
355 3482 423 3538 sient
435 3482 547 3537 aliorum
561 3479 725 3534 animalium.

237 3575 349 3634 carui
381 3574 439 3631 xit.
465 3601 501 3615 -
526 3573 594 3640 pote
618 3569 823 3641 respondendum
845 3568 959 3636 sititis,
986 3571 1032 3640 pai

271 3667 381 3739 priorem
410 3662 580 3719 conditorem
610 3660 719 3716 leontinis
750 3659 852 3714 tardam
887 3675 942 3716 esre
969 3676 1031 3715 cou-

270 3766 368 3812 motor.

272 3848 349 3919 Quod
364 3855 453 3903 artam
464 3844 661 3918 respondimus,
686 3842 795 3902 carade
812 3843 905 3901 mandi
927 3845 1030 3917 origine

235 3939 347 4013 queastio
360 3945 518 4002 veneretur,
530 3936 569 3992 eis
581 3935 626 4008 qai
652 3934 748 3991 nolant
771 3933 883 3991 credere
900 3948 953 3990 noa
966 3950 1028 3992 eam

235 4027 450 4100 terrperlaisse,
465 4026 588 4083 sedasse
606 4026 730 4098 coepisse,
759 4026 828 4082 sicat
847 4027 927 4083 etiam
952 4026 1030 4084 Plato

235 4119 403 4193 apertissime
423 4118 564 4175 cantitetur
577 4115 588 4192 (
600 4116 634 4173 ln
651 4117 747 4174 Tinrreo
760 4121 781 4189 i,
795 4119 943 4189 quamuisa
958 4133 1029 4175 noa·

236 4213 505 4283 mitiseomrtquaro
521 4210 648 4283 loquitur,
673 4211 791 4268 sensisse
807 4211 933 4270 credatur
950 4229 958 4267 r
978 4211 1029 4270 bec

235 4306 316 4363 etiarn
339 4305 478 4378 deprime
505 4303 622 4360 boarinis
651 4302 806 4361 conditione
831 4304 1027 4376 responderim,

235 4406 346 4474 propter
358 4410 406 4453 eos
419 4397 464 4467 qai
476 4395 598 4452 similiter
613 4406 763 4463 morentur,
774 4411 823 4453 cur
831 4396 912 4453 bomo
921 4411 970 4468 per
988 4397 1031 4453 in·

236 4487 410 4548 numerabilia
424 4496 503 4557 atque
513 4486 614 4542 inlinita
627 4496 699 4542 retro
721 4495 842 4557 tempora
854 4499 961 4544 creatas
972 4503 1025 4544 non

235 4580 279 4648 sit,
297 4591 402 4651 tamque
415 4579 521 4636 serosit
531 4578 663 4645 conditus,
675 4588 703 4634 ut
715 4580 804 4635 miurus
815 4594 893 4652 mam
907 4595 955 4637 ser
967 4579 1029 4636 mil·

235 4671 269 4727 lia
283 4670 336 4727 sint
345 4684 487 4736 annorum,
498 4684 532 4725 ex
544 4683 597 4740 quc
611 4683 671 4725 esse
684 4670 798 4741 caepisse
807 4672 834 4724 in
849 4670 932 4726 saeris
942 4658 1028 4726 Litte-

235 4764 273 4818 ris
283 4761 416 4818 inuenitur
426 4760 475 4834 (i).
491 4760 519 4816 Si
534 4759 606 4816 enirn
614 4760 731 4817 brevitas
743 4776 790 4817 ens
800 4760 910 4818 offendit
923 4769 1027 4832 tempo·

234 4855 282 4920 ris,
296 4853 366 4925 rpuod
378 4863 431 4910 tarn
443 4853 519 4925 paaei
528 4854 568 4911 eis
580 4851 704 4908 ridemur
712 4852 815 4908 anrtier
828 4867 881 4924 qao
894 4853 1028 4910 institutas

1094 777 1313 849 multiplicaretur
1321 779 1378 838 lraec
1397 785 1637 858 commeantium
1663 788 1769 846 nullam
1782 793 1886 850 numeri

1094 885 1191 926 nomen
1207 871 1375 939 haberemus,
1391 888 1425 930 ex
1439 889 1493 948 qua
1515 877 1585 934 Deus
1597 879 1733 936 huminem
1747 881 1831 947 lecit:
1847 883 1885 940 si·

1093 963 1192 1020 militer
1204 966 1286 1036 quari
1296 973 1397 1037 posset,
1406 981 1454 1024 cur
1465 977 1527 1025 ante
1543 984 1596 1026 non
1608 967 1711 1028 lecerit
1727 972 1775 1029 aei
1787 974 1885 1047 qaippa

1093 1056 1128 1112 ab
1142 1059 1258 1115 bominis
1271 1062 1407 1117 creatione
1419 1065 1535 1119 cessatio
1556 1073 1691 1122 retrorsus
1710 1076 1812 1124 aterna
1825 1069 1884 1125 siae

1093 1146 1169 1203 initio
1189 1157 1260 1205 tanta
1275 1161 1326 1220 est,
1340 1153 1400 1209 utsi
1415 1154 1440 1208 ei
1463 1154 1615 1211 conteratur
1628 1157 1775 1227 quamlibet
1789 1173 1885 1231 rnagm

1092 1248 1120 1296 et
1134 1241 1274 1299 ineffabilis
1288 1246 1465 1302 numerositas
1478 1254 1638 1317 temporam,
1652 1265 1712 1320 qaue
1728 1250 1884 1309 amendat

1091 1334 1215 1390 conclusa
1229 1335 1295 1392 certi
1304 1338 1384 1408 spatii
1397 1339 1564 1408 terminetur,
1584 1356 1634 1397 nee
1646 1343 1742 1399 saltem
1753 1351 1828 1399 anta
1842 1345 1882 1400 ri-

1091 1421 1147 1480 deri
1161 1424 1266 1493 debeat,
1280 1436 1377 1498 qrraata
1402 1430 1424 1484 si
1449 1430 1568 1486 heimoris
1583 1431 1767 1490 brevissimam
1780 1443 1883 1507 guttam

1090 1516 1215 1573 aniverso
1229 1520 1306 1586 mari,
1319 1520 1399 1575 etiarn
1426 1530 1552 1591 quantam
1576 1522 1697 1579 Oceanus
1711 1524 1882 1592 circumfluit,

1089 1617 1275 1677 comparemus
1289 1626 1296 1664 :
1312 1609 1436 1680 quoniam
1452 1610 1562 1666 istarum
1581 1612 1694 1668 daorurn
1716 1630 1800 1672 unarn
1822 1618 1882 1688 ‹prri-

1089 1696 1150 1754 dcm
1163 1703 1334 1772 perexiguum
1357 1711 1409 1770 est,
1428 1703 1540 1759 alterurn
1567 1704 1813 1778 incomparabiliter
1826 1724 1882 1764 nra-

1089 1805 1180 1862 gnam,
1201 1792 1249 1848 sed
1271 1802 1415 1865 utrumque
1443 1795 1545 1851 linitam
1560 1796 1647 1863 ;illud
1670 1813 1735 1854 aera
1755 1800 1882 1871 temporis

1089 1885 1215 1954 spatium,
1228 1885 1300 1956 quod
1324 1886 1358 1941 ab
1382 1886 1458 1943 initio
1470 1888 1558 1960 aliquo
1573 1890 1740 1961 progreditur
1750 1901 1778 1949 et
1792 1893 1882 1965 aliquo

1088 1978 1204 2034 termino
1216 1990 1365 2047 coercetur,
1385 1983 1565 2053 magnitudine
1591 1998 1806 2057 quantacumque
1818 1997 1879 2044 tert·

1088 2068 1175 2138 datar,
1191 2081 1372 2143 cornparatnm
1384 2074 1423 2130 illi
1444 2075 1515 2146 qnod
1535 2077 1638 2134 initiam
1659 2096 1713 2135 aron
1732 2079 1881 2152 babeam-

1087 2161 1144 2218 seia
1158 2170 1245 2219 utram
1259 2178 1307 2235 pro
1321 2166 1440 2234 minimo,
1453 2184 1486 2224 aa
1500 2169 1588 2241 patius
1599 2187 1647 2243 pro
1664 2174 1736 2229 nullo
1749 2175 1880 2247 deputan-

1086 2251 1150 2310 dam
1159 2263 1209 2311 est.
1224 2256 1291 2314 ilinc
1304 2259 1376 2315 enim
1390 2261 1400 2292 ¹
1413 2261 1436 2316 si
1451 2277 1466 2317 a
1489 2260 1541 2318 line
1554 2263 1596 2320 rel
1616 2263 1774 2323 breuissima
1789 2271 1880 2343 singil-

1086 2343 1159 2401 latim
1183 2360 1316 2405 momenta
1343 2350 1528 2420 detrahantur,
1551 2356 1724 2415 decrescente
1750 2377 1875 2431 aamero,

1085 2432 1149 2493 licet
1159 2446 1212 2493 tam
1224 2440 1334 2511 ingemi,
1346 2453 1375 2499 ut
1390 2445 1547 2502 vocabulum
1568 2464 1620 2504 nun
1635 2449 1753 2507 investiat
1776 2462 1879 2511 retrur-

1085 2541 1144 2584 snm
1160 2530 1296 2588 redeundo
1313 2550 1320 2600 ;
1336 2544 1459 2608 tanquam
1481 2539 1504 2595 si
1519 2537 1636 2597 leontinis
1650 2543 1708 2600 dies
1729 2544 1766 2602 ab
1791 2547 1878 2606 illoia

1084 2634 1139 2690 quc
1148 2636 1219 2678 tuaac
1233 2624 1402 2699 civitasque
1422 2628 1455 2683 ad
1468 2629 1542 2686 illum
1556 2631 1582 2686 ia
1597 2649 1653 2704 qua
1673 2645 1752 2693 natas
1764 2647 1816 2706 est,
1830 2638 1878 2697 tle·

1085 2713 1175 2770 trabas
1190 2732 1197 2769 :
1212 2715 1371 2790 quandoque
1390 2719 1424 2776 ad
1447 2721 1551 2779 initium
1573 2724 1617 2778 illa
1637 2725 1766 2783 detractio
1781 2729 1879 2800 perdu-

1084 2816 1168 2864 cetur.
1183 2808 1210 2865 Si
1220 2819 1310 2866 auten
1321 2810 1639 2874 detrahantarretrcrsus
1659 2820 1685 2875 in
1697 2822 1795 2892 spatio,
1806 2824 1877 2896 quud

1083 2899 1184 2956 anullo
1199 2903 1410 2975 coepitexordia,
1435 2922 1488 2963 aaa
1510 2907 1572 2966 dieo
1596 2909 1750 2983 singillatim
1774 2915 1877 2974 minute

1084 2994 1282 3060 momentanei
1302 2994 1428 3053 hamram
1452 3007 1498 3054 aut
1516 2997 1620 3055 dieram
1632 3009 1678 3056 ant
1689 3003 1878 3064 mensiaurtut

1082 3096 1213 3139 annanaa
1227 3085 1307 3140 ctiam
1335 3089 1513 3158 quantitatem
1527 3090 1575 3146 sed
1590 3100 1644 3148 mm
1671 3108 1766 3166 magas
1778 3097 1875 3167 spatia,

1082 3183 1181 3243 quanta
1202 3172 1243 3229 iila
1255 3189 1358 3232 samma
1377 3179 1579 3251 corrrprelrendit
1598 3197 1739 3253 annerum,
1751 3188 1875 3259 quacient

1083 3263 1163 3322 dicia
1191 3266 1352 3336 quibuslibet
1368 3272 1597 3342 computatoribus
1618 3288 1673 3332 aaa
1694 3284 1792 3349 potest,
1816 3294 1876 3352 qna

1082 3360 1171 3411 tamen
1185 3366 1381 3415 momentorum
1395 3361 1546 3418 minutatim
1559 3362 1724 3423 detractione
1734 3370 1873 3427 eoronam·

1082 3453 1125 3501 tur
1136 3463 1143 3512 ;
1155 3446 1428 3508 etdetralramurlrtec
1440 3462 1513 3509 tanta
1523 3454 1619 3526 spatia,
1633 3472 1687 3512 non
1699 3460 1783 3515 semel
1793 3471 1874 3533 atque

1082 3538 1179 3596 iterum
1193 3543 1352 3614 saepiusque,
1366 3544 1413 3601 sed
1424 3561 1531 3618 semper
1544 3567 1551 3603 :
1564 3549 1629 3621 qnid
1640 3550 1679 3613 ιιι.
1693 3552 1757 3622 qaid
1770 3554 1869 3627 agitur,

1081 3631 1188 3703 qnando
1198 3634 1493 3704 nunquamadinitium,
1503 3637 1574 3708 qaod
1585 3640 1695 3696 omnino
1704 3643 1808 3699 nullutn
1821 3655 1872 3714 est,

1081 3723 1238 3794 pervenitur
1250 3724 1263 3778 i
1277 3726 1455 3798 Quapropter,
1477 3729 1549 3801 quod
1573 3747 1622 3787 uros
1635 3733 1716 3790 miodo
1727 3738 1873 3806 quaerimus

1080 3823 1142 3885 pest
1155 3813 1272 3887 quiaque
1286 3817 1368 3873 millia
1379 3827 1407 3876 et
1420 3820 1490 3892 qaod
1503 3823 1643 3880 cucurrit¹
1657 3841 1800 3894 annorum,
1812 3844 1875 3900 pos·

1081 3912 1142 3960 sem
1154 3912 1182 3960 et
1194 3905 1295 3977 posteri
1308 3907 1387 3964 etiam
1397 3918 1597 3982 postannaram
1609 3917 1763 3974 sexcenties
1776 3919 1875 3978 millies

1080 3995 1175 4053 eadem
1184 3999 1339 4056 curiositate
1352 4000 1501 4071 requirere.
1512 4003 1535 4059 si
1562 4004 1588 4059 ia
1604 4014 1708 4063 tantmn
1724 4006 1783 4065 bare
1799 4025 1874 4067 mor·

1080 4088 1168 4145 ntitas
1178 4088 1316 4147 hominnm
1330 4092 1476 4150 exoriendo
1488 4103 1517 4151 et
1534 4097 1727 4167 occumbendo,
1739 4109 1767 4156 et
1786 4100 1873 4175 impe·

1080 4181 1131 4239 rita
1143 4193 1329 4253 perseveraret
1342 4184 1492 4242 infirmitas.
1508 4187 1657 4245 Potuerunt
1669 4198 1697 4246 et
1709 4193 1755 4262 qai
1766 4192 1874 4252 luerunt

1079 4285 1142 4332 ante
1155 4291 1214 4342 nos,
1228 4276 1293 4348 ipsis
1304 4279 1456 4335 recentibus
1469 4279 1585 4336 hortinis
1595 4281 1678 4338 creati
1695 4287 1870 4356 tenporibus,

1081 4366 1158 4422 istam
1171 4383 1279 4424 morere
1293 4370 1478 4439 quaestionem.
1497 4371 1555 4443 lpse
1577 4371 1694 4444 denique
1706 4377 1810 4446 primas
1824 4379 1872 4434 lto·

1080 4475 1135 4528 mo,
1148 4460 1190 4518 rel
1206 4462 1344 4532 postridie,
1360 4462 1403 4518 uel
1415 4463 1509 4521 codem
1523 4464 1567 4521 die
1592 4477 1765 4538 posteaquam
1787 4468 1873 4527 laetas

1079 4561 1131 4617 est,
1144 4553 1230 4623 potuit
1238 4552 1383 4625 inquirere,
1394 4569 1443 4610 cur
1455 4566 1575 4611 noname
1584 4557 1617 4612 sit
1633 4557 1727 4614 lactus.
1742 4559 1871 4632 thattt·

1079 4647 1229 4719 ducumque
1242 4648 1253 4681 ⁸
1267 4658 1344 4705 antea
1369 4649 1454 4705 laetas
1465 4659 1546 4718 esset,
1560 4665 1612 4705 aaa
1627 4651 1698 4710 vires
1712 4661 1775 4709 turrae
1801 4653 1867 4715 alias

1079 4753 1107 4797 et
1120 4742 1186 4797 alias
1201 4757 1281 4807 nane,
1292 4742 1334 4798 uel
1352 4743 1433 4799 etiam
1459 4753 1561 4814 postea,
1575 4744 1625 4801 ista
1638 4744 1672 4803 de
1688 4746 1764 4803 initio
1781 4763 1870 4806 reram

1080 4833 1265 4905 temporalium
1275 4834 1458 4890 controversie
1470 4835 1609 4906 reperiret.

234 4945 314 5013 pererra
344 4948 371 5008 ia
405 4946 503 5003 nastris
540 4943 740 4999 arrctoritatibus
761 4943 883 5015 legitar;
908 4944 1028 5000 conside.
1078 4943 1191 5001 catut
1209 4943 1325 4999 Xlll.-
1348 4941 1388 5002 De
1411 4945 1567 5002 emulatione
1587 4948 1758 5015 tertiorum,
1782 4951 1872 5020 quibat

234 5046 294 5099 reiut
309 5037 374 5095 ailril
385 5051 445 5091 esse
469 5034 632 5099 diuturnum,
648 5036 676 5089 in
699 5050 752 5104 qao
768 5045 810 5089 est
824 5035 921 5108 aliquid
937 5046 1027 5093 eatre-
1113 5045 1180 5090 certo
1190 5035 1384 5107 fiaecaoclust's,
1400 5037 1514 5092 noiomo
1532 5040 1665 5110 temperior
1676 5042 1870 5098 eanrdmrorrii-

234 5144 319 5192 tartareo,
330 5127 450 5184 matrinia
471 5126 629 5184 secutorum
650 5126 734 5196 spatia
753 5127 872 5189 dctiaita,
888 5128 1029 5184 sireterai-
1114 5142 1170 5180 neta
1182 5125 1343 5198 corticemque
1364 5127 1471 5198 speciem
1484 5128 1597 5184 redituro
1610 5131 1713 5200 putidam
1725 5133 1870 5204 pititoroplrt'

233 5217 281 5281 tati
293 5217 472 5278 interminata
485 5217 496 5250 ⁸
508 5227 710 5290 comparemur,
734 5233 787 5275 arca
813 5219 908 5292 exigua
931 5222 1026 5279 enisa·
1113 5218 1282 5273 credideram.

264 5371 358 5423 ltiod.
378 5380 428 5427 m
448 5379 484 5429 Β,
503 5382 528 5424 et
547 5372 630 5436 „hm
649 5376 821 5438 mmm
844 5376 977 5429 mlum
1113 5329 1140 5386 l.
1160 5329 1233 5387 llane
1251 5342 1341 5387 autern
1363 5345 1394 5386 se
1418 5329 1569 5404 pbilosopbi
1595 5334 1687 5390 rnandi
1715 5335 1796 5408 baias
1818 5353 1869 5398 aot

264 5437 275 5471 t
292 5433 358 5484 eiad.
370 5442 418 5488 ara.
430 5440 527 5495 erne..
539 5434 572 5489 itu
581 5434 638 5507 eriri
646 5444 742 5500 ρωεωιι
750 5445 847 5509 maore,
859 5441 923 5504 qaod
932 5439 1025 5506 aliquid

235 5495 354 5549 wintrione
363 5501 476 5558 peremae
486 5500 576 5546 mando
586 5497 735 5562 telatqttotttr
745 5512 771 5549 tn
781 5501 880 5551 nemeto.

528 5556 533 5567 .
665 5559 671 5569 .
699 5563 701 5568 .
785 5559 791 5569 ,
1108 5506 1234 5556 ‘sicitas
1248 5507 1354 5564 traditi,
1365 5505 1421 5558 baie
1432 5508 1505 5559 enbn.

266 5559 277 5590 ³
292 5557 500 5616 (curcedomus,
512 5571 533 5609 rt
543 5560 683 5611 oeaennutttt
694 5562 838 5612 ιιιιενηιιιιὲο.

1107 5570 1118 5602 ¹
1134 5567 1201 5628 mia,
1212 5567 1316 5632 motae
1326 5568 1444 5620 murti.
1460 5572 1543 5631 abest,
1563 5573 1684 5638 arreptius,
1703 5586 1719 5624 a
1737 5578 1858 5631 annueri

265 5619 302 5682 (n)
316 5621 364 5670 rid.
377 5625 481 5673 tactam.
502 5618 546 5671 tio.
559 5618 575 5668 d
586 5623 672 5683 aaut,
695 5636 749 5690 cap.
764 5623 790 5684 u,
801 5631 829 5674 et
843 5623 913 5688 itata,
926 5625 969 5676 lib.
983 5626 1022 5690 te,
1075 5630 1132 5692 ptit

232 5679 493 5809 ῃιῶιῦιὸἓὴίωη,
506 5741 594 5808 m&
1075 5696 1199 5814 mian,
1216 5697 1418 5803 aequissimique
1437 5693 1497 5747 aditi
1516 5694 1557 5747 titt
1575 5702 1603 5750 et
1621 5703 1685 5760 tiss..
1707 5700 1871 5764 wdoem
