3900 6390
231 235 332 321 n¹

220 354 284 415 ,tuit
292 367 352 411 csse
362 349 515 407 certamen?
524 347 566 403 bn
578 345 638 403 idco
649 343 783 407 diuersum
792 339 849 405 luit,
859 338 1019 413 quodarena

233 444 277 500 ille
293 459 344 501 urin
355 441 415 505 brit,
428 451 455 496 et
471 441 576 495 latiores
586 436 672 506 canopi
692 448 745 490 nen
759 431 872 488 duorum
890 429 1020 501 qbdtato·

221 524 304 597 'rrurq
320 531 366 587 scd
385 533 410 585 in
427 529 530 585 duobus
542 523 801 596 populismnltorum
821 518 958 574 iuuenibus
966 516 1019 573 im·

234 620 392 694 plebantur;
413 634 461 674 nec
473 615 669 686 anqdntbeatro
682 610 854 683 cingebantur
869 609 913 665 illa
935 616 1021 663 certa·

234 713 305 768 ruina
319 755 327 780 ,
339 714 385 767 sed
400 713 523 767 uniuerso
536 708 612 772 orbe,
625 717 652 762 et
670 716 733 760 turre
746 703 831 766 viris,
851 709 878 759 ct
888 699 1018 774 posteris,

225 801 373 874 ¹quousque
388 801 437 855 ista
450 802 518 857 iarrra
534 798 695 871 porrigitur,
718 795 827 866 impium
839 790 1019 865 spectaculum

236 892 423 965 praebebatur?

270 984 296 1038 5.
311 983 368 1038 llirrr
384 993 472 1037 taureu
492 980 661 1053 patiebantur
674 975 753 1034 studii
774 974 815 1030 sui
829 973 865 1030 dii
877 973 913 1028 illi
930 971 1021 1043 prusi-

234 1070 283 1129 dcs
296 1071 400 1143 imperii
415 1071 537 1137 ilunnani,
556 1079 584 1125 et
598 1068 688 1123 talium
701 1066 877 1123 certaminum
894 1071 1018 1133 tanquam

235 1160 358 1218 tlteatrici
367 1170 541 1233 spectatores,
552 1160 637 1215 donec
648 1157 817 1213 lloratiorum
828 1170 905 1210 seror
915 1160 1021 1226 propter

236 1254 370 1315 Curiatios
386 1264 440 1310 tres
457 1265 608 1325 peremptos
622 1251 702 1307 etiarn
729 1248 785 1321 ipsa
799 1245 877 1303 tertia
890 1261 922 1313 ea·
937 1244 1021 1298 altera

235 1357 311 1418 parte
336 1344 453 1401 imtcrno
466 1345 536 1400 ierru
550 1342 653 1399 duobus
675 1340 801 1397 iratribus
822 1336 973 1400 adderetur,
988 1350 1021 1392 ne

236 1438 325 1493 uirtus
340 1436 450 1492 baberet
469 1435 593 1491 inertium
617 1433 697 1490 etiam
719 1431 803 1486 ilorna
826 1444 886 1501 qum
909 1427 1019 1484 vicerat.

223 1514 342 1583 'beirrde
366 1527 399 1583 ad
414 1525 527 1582 iructurn
542 1524 662 1580 rictoriae
675 1523 743 1579 dtus
755 1522 883 1578 subversa
896 1527 938 1576 est
952 1535 960 1573 ι
976 1517 1020 1574 ubi

237 1627 298 1689 post
325 1615 420 1682 ilium,
443 1616 513 1688 quod
542 1614 627 1673 Greci
648 1618 819 1678 evertcmot,
832 1618 930 1682 etpost
943 1606 1021 1664 Laui·

222 1707 332 1777 'ninm,
346 1707 391 1763 ubi
404 1707 503 1764 AErteis
518 1722 627 1777 rcqnum
643 1703 810 1776 peregrinum
836 1709 917 1772 atque
938 1698 1022 1771 ingili-

237 1814 301 1855 runr
314 1798 487 1854 constituerat
500 1798 521 1864 ¹,
546 1797 625 1852 tertio
647 1794 706 1851 loco
719 1792 903 1848 habitaverant
915 1788 1022 1858 numina

239 1889 284 1947 illa
299 1888 425 1959 Trojano.
446 1888 498 1944 Sed
521 1903 595 1943 more
610 1902 659 1942 suo
672 1886 751 1941 etiarn
765 1883 827 1940 inde
841 1881 896 1954 iant
910 1880 1023 1937 sortasse

239 1982 437 2054 migraverant;
453 1980 512 2036 ideo
530 1978 616 2036 deleta
631 1988 681 2033 est.
707 1976 889 2034 Discesscrant
900 1972 1024 2029 videlieet

243 2091 253 2125 ι
271 2086 364 2129 rrurrres
377 2066 463 2144 adytis
477 2071 583 2142 arisque
598 2068 697 2125 relictis
708 2067 756 2133 dii,
771 2066 869 2138 quibus
882 2064 1022 2137 imperium

235 2158 305 2222 ‘illud
331 2174 452 2221 nctcru.
467 2183 476 2218 r
492 2163 673 2220 Discesseraut
686 2176 750 2216 sane
770 2174 833 2216 ecoe
851 2158 905 2230 iam
922 2156 1022 2221 tertio,

238 2262 270 2310 nt
282 2253 322 2312 eis
334 2263 428 2326 quarta
446 2253 529 2308 llonra
544 2249 776 2323 providentissime
786 2247 948 2305 crederetur.
965 2245 1024 2301 llis·

221 2347 370 2419 'plicuerat
383 2347 455 2402 cuim
479 2356 506 2402 et
521 2344 598 2410 Alba,
619 2343 663 2399 ubi
685 2341 805 2398 burulius
830 2339 946 2410 expulso
971 2338 1024 2393 im·

239 2452 282 2496 tre
296 2441 347 2511 (a),
361 2447 389 2495 et
399 2439 483 2493 ltomu
497 2437 640 2507 placuerat,
656 2434 700 2491 ubi
715 2431 845 2488 llornnlus
863 2429 953 2485 occiso
968 2429 1025 2482 irs·

240 2541 282 2588 tre
307 2529 345 2600 (i)
368 2534 536 2598 rrqnarmat.
556 2523 609 2579 Sed
622 2533 765 2593 antequam
781 2519 846 2576 trba
860 2518 1023 2582 dirueretur,

241 2619 392 2674 transfusus
405 2624 457 2681 est,
473 2615 604 2685 inquiunt,
620 2611 734 2683 populus
748 2610 806 2681 ejus
819 2610 846 2662 in
858 2609 982 2670 Romam,
997 2616 1026 2661 ut

240 2720 398 2780 contraque
413 2725 462 2762 urm
478 2707 574 2762 civitas
588 2705 672 2759 lieret.
687 2703 762 2771 Esto,
785 2702 819 2756 ita
843 2698 940 2754 iactum
963 2699 997 2753 sit
1016 2716 1023 2752 ε

760 226 806 288 Di}
823 224 986 287 ctvmttb
1002 222 1071 290 but,
1090 223 1120 282 S.
1139 224 1321 283 tbcbstub

1072 335 1119 394 ille
1132 336 1196 394 solis
1210 337 1316 407 iniust,
1328 354 1382 403 pou
1395 341 1478 414 magis
1491 341 1551 400 ideo
1565 345 1639 402 credi
1651 345 1763 407 moeret
1783 350 1858 405 occi·

1071 442 1130 494 sus,
1144 427 1287 500 ipsumque
1300 429 1388 487 scelus
1402 434 1541 490 aversione
1551 437 1631 492 etiam
1645 437 1735 495 diurni
1747 437 1858 496 luminis

1071 515 1216 575 indicatum
1230 537 1238 573 ι
1251 520 1319 576 sient
1334 538 1425 582 reuera
1441 522 1538 580 iactum
1562 538 1627 593 est,
1650 544 1711 584 cum
1724 531 1857 587 Dominus

1071 607 1214 666 cnrcillxus
1227 619 1269 666 est
1279 610 1435 670 crudelitate
1456 624 1535 686 atque
1554 616 1690 689 impietate
1703 620 1857 678 indicorum

1073 696 1148 769 (boc.
1169 714 1244 767 xxut,
1258 702 1316 774 db).
1341 702 1424 771 Quam
1439 706 1503 760 selis
1518 705 1734 767 obscurationem
1750 728 1805 767 non
1821 728 1854 767 ea

1072 791 1201 847 canonico
1222 791 1338 848 siderum
1364 809 1444 850 cursu
1471 797 1613 864 accidisse,
1634 802 1700 857 satis
1714 802 1857 868 ostendit,

1072 880 1143 951 quod
1156 890 1219 937 tunc
1238 891 1297 940 crat
1316 884 1413 955 pascha
1439 885 1610 954 Judceorum3
1625 906 1686 946 nam
1700 892 1777 963 plena
1795 894 1857 949 luna

1073 972 1228 1029 solemniter
1239 975 1325 1046 agitur
1337 991 1344 1029 :
1354 976 1484 1046 regutaris
1496 988 1587 1034 autem
1600 980 1664 1035 solis
1677 981 1793 1037 delectio
1804 999 1857 1039 tion

1074 1061 1124 1116 nisi
1142 1062 1213 1118 laute
1236 1063 1287 1122 dne
1296 1065 1433 1136 contingit.
1456 1065 1527 1122 Satis
1548 1078 1576 1124 et
1602 1070 1696 1127 Cicero
1720 1072 1792 1129 illnu
1815 1075 1857 1129 iu-

1074 1163 1115 1210 ter
1127 1155 1192 1211 deos
1210 1156 1314 1212 llomuli
1328 1158 1507 1229 receptionem
1522 1169 1642 1229 putatam
1659 1167 1743 1235 magis
1754 1166 1859 1235 signiti-

1073 1257 1299 1319 catessc,quanr
1321 1249 1427 1315 betam,
1453 1251 1558 1322 quando
1579 1260 1607 1309 et
1628 1254 1810 1311 burdansenur
1832 1258 1857 1312 iu

1077 1336 1153 1395 libris
1164 1339 1199 1396 de
1209 1337 1352 1411 llepublica
1370 1341 1414 1414 (b.
1433 1341 1513 1410 2,c.
1534 1343 1590 1415 ld),
1603 1344 1789 1417 Scipionisque
1799 1363 1858 1404 ser-

1073 1444 1172 1486 mones
1190 1429 1326 1487 «Tantum
1341 1442 1391 1498 est,
1410 1453 1421 1487 s
1438 1434 1534 1505 iuquit,
1548 1455 1558 1490 ι
1577 1446 1744 1504 consecutus,
1755 1448 1786 1493 ut
1797 1455 1857 1495 curn

1076 1519 1166 1577 subito
1186 1521 1243 1578 sele
1255 1522 1397 1580 obscurato
1417 1539 1470 1581 non
1483 1526 1690 1596 comparuisset,
1706 1527 1818 1585 deorum
1831 1531 1857 1586 in

1074 1625 1184 1666 numero
1207 1610 1352 1668 collocatus
1370 1622 1524 1683 putaretur:
1539 1631 1617 1687 quem
1641 1617 1793 1688 opinionem
1809 1635 1858 1676 nc·

1074 1716 1120 1757 mo
1143 1718 1259 1775 unquam
1284 1706 1403 1762 mortalis
1424 1707 1528 1778 assequi
1562 1709 1647 1779 potuit
1670 1711 1728 1765 sinc
1762 1711 1858 1767 esinrin

1076 1793 1181 1851 virtutis
1214 1795 1308 1867 gloria.
1334 1816 1345 1850 s
1376 1797 1454 1866 Quod
1485 1809 1573 1857 autem
1610 1799 1697 1871 dicit,
1723 1817 1784 1860 cum
1812 1821 1859 1861 sn·

1076 1886 1133 1943 bite
1153 1900 1207 1942 non
1228 1888 1420 1959 comparuisse,
1440 1889 1561 1961 proiecto
1581 1892 1616 1948 ibi
1641 1893 1796 1966 intelligitur
1810 1905 1858 1950 aut

1076 1975 1208 2033 uiolentia,
1224 1978 1406 2050 tempestatis,
1429 1990 1476 2036 aut
1506 1982 1587 2041 cedis
1608 1984 1786 2056 facinorisque
1812 2000 1858 2040 se·

1079 2075 1195 2124 cretum.
1216 2066 1284 2124 Nam
1309 2077 1338 2125 et
1360 2069 1406 2126 alii
1429 2070 1573 2144 scriptores
1592 2089 1684 2129 corurn
1714 2074 1857 2130 defectioni

1075 2157 1141 2215 solis
1152 2158 1253 2215 addunt
1266 2161 1346 2216 etiam
1365 2161 1479 2218 subitam
1504 2172 1707 2234 tempestatem,
1726 2183 1787 2238 qurc
1800 2184 1861 2238 pro-

1076 2246 1146 2304 lecto
1158 2259 1204 2306 ant
1218 2252 1385 2309 occasionem
1404 2254 1498 2309 sceleri
1514 2255 1635 2325 prebuit,
1657 2267 1704 2313 aut
1716 2257 1860 2315 Rorrrulurn

1077 2339 1134 2409 ipsa
1156 2343 1330 2412 consumpsit.
1367 2343 1500 2400 be'lullo
1513 2347 1610 2418 quippe
1632 2348 1712 2403 etiam
1734 2349 1860 2417 Hostilio,

1076 2430 1122 2501 qul
1135 2432 1256 2487 tertiusa
1272 2432 1386 2488 Romulo
1400 2448 1448 2490 rex
1463 2435 1524 2502 init,
1551 2437 1595 2506 qui
1618 2449 1646 2494 ct
1671 2440 1728 2510 ipse
1749 2440 1862 2498 lrrlnrine

1076 2521 1232 2594 absumptus
1255 2523 1387 2589 condicit
1412 2526 1437 2581 in
1463 2527 1564 2582 eisdem
1577 2528 1651 2584 libris
1672 2529 1741 2586 idem
1752 2530 1860 2599 Cicero,

1079 2624 1215 2684 propterca
1234 2624 1261 2672 et
1274 2616 1353 2671 istum
1367 2632 1419 2672 non
1440 2618 1570 2675 creditum
1585 2620 1611 2675 in
1621 2619 1687 2676 deos
1701 2621 1711 2654 ¹
1724 2631 1860 2693 receptum

1078 2707 1124 2763 tali
1139 2718 1235 2775 monte,
1249 2712 1310 2780 quia
1324 2710 1437 2767 fortasse
1446 2711 1516 2780 quod
1534 2720 1593 2768 erat
1604 2712 1630 2767 in
1644 2713 1757 2769 uonoto
1767 2713 1862 2784 proba·

241 2804 306 2859 urbs
329 2814 416 2857 tamen
433 2799 489 2867 illa,
508 2797 615 2854 Asconii
632 2811 743 2868 regnum
763 2805 791 2852 et
804 2794 910 2850 tertium
918 2792 1027 2847 domici·
1062 2806 1133 2854 rom
1148 2797 1197 2871 (jd
1210 2809 1251 2855 εει
1267 2799 1444 2873 persuasum)
1458 2802 1568 2858 30qu
1583 2804 1691 2875 ,ΜΒΝ
1707 2804 1860 2874 ῃοιυοωῃ,.

242 2894 306 2951 lium
320 2894 494 2966 Troianorum
507 2892 627 2955 deorum.
645 2890 680 2946 ab
690 2888 755 2944 urbe
765 2887 818 2941 iulio
831 2896 916 2942 mater
932 2900 1025 2941 eversa
1078 2889 1151 2945 idest
1164 2889 1216 2946 vile
1228 2890 1324 2958 iacere,
1337 2890 1360 2947 si
1373 2891 1424 2947 boc
1432 2903 1460 2947 ct
1466 2894 1541 2948 alteri
1550 2894 1626 2950 iacile
1638 2895 1801 2952 tribueretur
1810 2895 1860 2971 (ιι).

241 2994 294 3040 cst·
311 2983 344 3041 Ut
354 2994 445 3039 auton
459 2982 522 3037 betti
540 2978 657 3052 rettqotae
675 2995 691 3035 e
709 2977 813 3034 duobos
826 2976 929 3047 populis
943 2991 1024 3030 onon
1078 2980 1147 3037 bleta
1160 2981 1241 3036 etiam
1256 2980 1545 3052 amerciabuntur,
1562 3003 1573 3037 ‹
1588 2983 1665 3040 tttum
1677 2985 1722 3056 qui
1735 2986 1805 3041 bane
1815 3001 1860 3041 nr-

240 3076 360 3134 laccrent
382 3074 532 3130 miserabile
554 3070 713 3143 coagtrlum,
741 3069 839 3125 multus
863 3076 925 3122 ante
951 3064 1025 3121 iussus
1077 3069 1138 3127 bem
1163 3071 1295 3138 condidit,
1313 3072 1455 3129 Romulum
1469 3073 1503 3130 ad
1517 3074 1759 3132 noosimmorqqteg
1774 3077 1859 3133 nene.

240 3167 378 3238 utriunque
389 3165 497 3237 sangnis
505 3164 563 3219 init.
572 3163 640 3232 Quid
650 3162 705 3234 jam
718 3160 870 3232 singillatim
880 3158 966 3213 dicam
975 3156 1026 3211 sub
1076 3161 1194 3217 violentia
1207 3160 1330 3234 lamaquc
1345 3165 1499 3220 sustulimus
1516 3183 1525 3218 r
1540 3164 1626 3236 (Oroi.
1644 3167 1698 3223 irin
1709 3165 1858 3234 Catilinam,

239 3259 345 3315 erueris
359 3256 464 3329 regibus
476 3258 553 3312 toties
574 3256 667 3311 cadero
680 3254 748 3309 bella
763 3261 971 3320 renovatoque
986 3249 1026 3303 ri·
1077 3266 1135 3320 cup.
1157 3249 1192 3323 l)
1209 3269 1217 3309 r
1237 3261 1266 3307 ut
1287 3267 1340 3308 non
1359 3268 1423 3310 rere
1446 3254 1543 3310 iactum
1565 3255 1613 3310 sed
1638 3265 1747 3326 propter
1767 3258 1862 3314 merita

239 3351 332 3407 nitriis
361 3348 433 3406 linita
458 3348 626 3412 ridebuntur,
648 3357 675 3402 ct
690 3347 769 3401 tantis
781 3343 913 3415 stragibus
927 3343 1024 3398 iterum
1077 3341 1181 3397 virtutis
1203 3341 1261 3412 ejus
1288 3342 1471 3400 berrcrolentia
1494 3345 1620 3413 iactatum
1641 3344 1861 3418 diiiunratumqne

241 3440 393 3511 iterumque
405 3436 538 3503 coniecta,
554 3437 648 3494 iterum
664 3436 813 3506 iterumque
824 3424 884 3505 pest
896 3433 984 3488 ioedus
998 3442 1025 3488 et
1077 3441 1250 3489 monstraret.
1264 3431 1292 3488 ln
1307 3433 1449 3490 llortensio
1462 3450 1527 3490 sero
1549 3435 1654 3506 dialogo
1672 3452 1732 3491 curn
1748 3436 1782 3492 de
1795 3438 1861 3495 solis

239 3544 332 3609 picem
343 3531 412 3586 irrtcr
422 3543 535 3604 generos
546 3536 574 3583 et
588 3541 696 3583 soceros
708 3537 735 3581 ct
748 3540 841 3581 eorum
856 3525 965 3596 stirpem
978 3539 1025 3594 po-
1077 3523 1212 3579 eanonicis
1221 3521 1413 3580 deiectionibus
1426 3525 1597 3595 loqueretur,
1621 3544 1631 3578 ι
1650 3526 1684 3583 Ut
1701 3527 1830 3593 easdem,
1849 3548 1858 3583 r

241 3632 381 3693 sterosque
399 3619 530 3690 repetita?
541 3617 599 3674 Non
619 3630 730 3689 parcunt
745 3614 871 3669 indicium
885 3613 1025 3669 calamita-
1076 3615 1171 3684 iuquit,
1185 3631 1196 3667 ι
1210 3615 1335 3670 tenebras
1356 3615 1472 3681 eliciat,
1497 3633 1565 3689 quas
1590 3619 1680 3674 cllccit
1698 3619 1724 3674 in
1750 3620 1860 3678 interitu

213 3773 229 3803 a
244 3714 278 3769 tis
289 3714 369 3783 lartius
382 3711 440 3776 brit,
452 3710 522 3781 quod
533 3719 622 3781 portas
634 3707 791 3764 bellinnllns
801 3705 896 3761 clausit
908 3705 1023 3760 illornur.
1079 3703 1192 3769 llemuli,
1208 3705 1255 3774 qui
1274 3704 1459 3760 obscuratione
1471 3707 1482 3739 ¹
1496 3707 1559 3762 solis
1580 3707 1730 3767 estractus.
1748 3730 1757 3765 r
1780 3712 1860 3769 Certe

1077 3792 1122 3848 bic
1131 3793 1239 3849 minime
1252 3793 1339 3849 timuit
1352 3794 1467 3852 bominis
1483 3796 1617 3854 interitum
1625 3799 1725 3871 dicere,
1736 3801 1799 3874 quia
1808 3803 1863 3860 dis·

241 3800 336 3860 littllus
349 3818 414 3875 erqo
431 3802 535 3859 illorum
550 3801 600 3856 sub
614 3808 653 3855 tot
677 3797 727 3854 diis
742 3795 897 3870 praesidibus
910 3797 937 3851 in
962 3812 1026 3866 pace

240 3894 370 3967 regirant.
520 3892 524 3899 ’

239 4004 352 4063 CAPUT
364 4003 422 4061 XV.
437 4034 473 4046 -
483 4004 573 4072 Qualis
585 4003 755 4059 llorrruuorurn
774 4016 861 4071 repunt
884 4000 934 4055 nitu
952 4010 1027 4071 utque

542 4094 622 4151 witus
641 4092 728 4166 [uerit.

276 4227 303 4284 l.
319 4226 438 4298 ipsorum
453 4237 540 4281 numm
560 4240 652 4295 regum
675 4224 719 4292 qui
741 4223 830 4278 exitus
845 4221 973 4276 inerunt?
988 4222 1026 4278 bo

224 4318 355 4377 ··iiomulo
367 4316 465 4373 viderit
476 4316 593 4370 adulatio
610 4314 740 4381 iabnlosa,
753 4327 805 4382 qua
819 4311 975 4383 perlribetur
984 4324 1027 4367 re·

238 4419 334 4480 ceptus
348 4410 374 4466 in
384 4409 482 4465 coslum
494 4429 502 4463 z
512 4407 628 4462 viderint
641 4405 747 4476 quidam
768 4405 913 4476 scriptores
922 4416 1025 4468 coruus,

225 4503 287 4574 ¹qui
313 4517 375 4558 sirm
397 4508 505 4572 prepter
523 4497 689 4553 ferocitatem
715 4511 731 4551 a
757 4505 851 4551 senatu
865 4495 1027 4563 discerptum

229 4608 301 4653 csse
312 4592 457 4657 dixerunt,
478 4591 704 4658 srrlmroatnmque
718 4587 808 4642 nescio
831 4600 910 4655 quern
928 4582 1027 4640 lulium

228 4685 396 4751 'Proculnuq
411 4684 456 4753 qui
481 4697 542 4736 cunr
556 4681 605 4735 sibi
618 4679 774 4749 apparuisse
786 4677 899 4742 diecret,
912 4688 1028 4744 eumque

1078 3895 1184 3958 putator
1194 3887 1278 3957 magis
1287 3901 1366 3957 quarn
1377 3887 1497 3944 larudator
1507 3889 1566 3946 iuit.

1111 3977 1140 4032 Ξ.
1160 3975 1255 4032 Cuterl
1277 3987 1367 4034 animm
1392 3993 1468 4049 reges
1483 3980 1574 4051 populi
1596 3981 1724 4049 Romani,
1749 3994 1863 4057 excepto

1077 4067 1162 4124 Numa
1183 4067 1313 4138 Pompilio
1325 4077 1353 4123 ct
1366 4068 1440 4124 buco
1460 4069 1565 4137 blartlo,
1588 4071 1633 4142 qni
1647 4073 1741 4129 morbo
1755 4074 1864 4131 interic-

1079 4169 1150 4226 runt,
1160 4174 1239 4231 quant
1256 4159 1404 4216 borrendos
1418 4162 1504 4217 exitus
1517 4160 1689 4219 habueruut?
1709 4162 1802 4222 'lullus
1813 4206 1821 4230 ,
1834 4175 1865 4221 nt

1077 4249 1150 4316 dixi,
1166 4249 1303 4313 Hostilius,
1319 4250 1405 4306 uictor
1416 4259 1443 4306 et
1453 4264 1566 4307 euersor
1577 4251 1663 4320 Albe,
1677 4267 1737 4308 cum
1751 4254 1863 4310 totado-

1078 4357 1124 4399 mo
1135 4356 1183 4398 suo
1197 4341 1307 4398 fulmine
1318 4351 1504 4399 concrematus
1515 4351 1566 4399 est.
1582 4343 1689 4402 Priscus
1704 4344 1865 4418 Tarquinius

1079 4448 1128 4504 per
1140 4434 1182 4490 sui
1192 4433 1341 4490 decessoris
1352 4432 1422 4489 tilios
1431 4433 1607 4507 interemptus
1618 4445 1669 4493 est.
1680 4436 1789 4495 Servius
1799 4438 1864 4495 Tul·

1080 4522 1132 4580 lius
1154 4523 1245 4595 generi
1270 4525 1310 4579 sul
1332 4524 1467 4596 Tarquinii
1486 4524 1608 4598 Superbi,
1626 4527 1671 4598 qui
1688 4529 1714 4584 ei
1734 4531 1865 4587 sumessit

1080 4620 1107 4672 tn
1121 4632 1252 4687 reqnum,
1279 4616 1379 4673 notario
1392 4617 1492 4674 scelere
1510 4623 1614 4674 occisus
1626 4626 1677 4674 est.
1696 4618 1751 4676 Nec
1768 4639 1779 4675 ι
1803 4621 1862 4678 dis·

1080 4720 1186 4764 cessere
1200 4706 1285 4779 adytis
1304 4707 1410 4778 arisque
1418 4707 1519 4764 relictis
1529 4707 1576 4773 dii,
1591 4725 1601 4760 s
1615 4717 1688 4765 tanto
1697 4709 1724 4766 in
1735 4712 1865 4783 optimum

229 4794 292 4850 ‚W
311 4792 342 4832 ,ο
363 4775 460 4847 popolo
475 4772 616 4828 mandasse
632 4771 762 4836 bernano,
777 4775 806 4821 ut
825 4766 895 4821 inter
917 4765 1026 4820 numina
1081 4796 1152 4853 imus
1164 4797 1352 4869 popuqqfegem
1363 4797 1672 4868 parricidioperpetrato,
1682 4815 1751 4871 quos
1761 4800 1865 4869 dicunt,

241 4872 394 4936 willielmi
410 4883 497 4938 eoque
518 4865 598 4921 ”⁸⁰⁶⁰
624 4862 770 4933 P⁰P⁰¹⁰¹¹¹2
785 4859 935 4929 ‘inimum
949 4872 1028 4915 ’Μ’
1081 4899 1111 4944 ut
1125 4888 1177 4945 boc
1202 4888 1307 4944 miscrae
1332 4888 1420 4959 ijo
1438 4887 1566 4953 iacerent,
1581 4903 1693 4961 eamque
1707 4891 1865 4949 Grecisdi·

242 4969 299 5016 ttun
320 4962 497 5015 irrtrrnrescere
512 4962 653 5024 toelleffl·
681 4963 834 5020 ‘Wlfflin'
856 4957 938 5019 ΜΨ
950 4947 1028 5004 ⁸⁶⁶²*
1081 4977 1210 5034 ruendam
1225 4976 1442 5048 exurendamque
1451 4978 1641 5050 relinquerent,
1652 4980 1783 5037 adulterio
1795 4981 1868 5036 l‘ari-

243 5064 300 5107 '¹¹¹¹‘
316 5051 362 5123 (⁶i·
379 5051 518 5106 Afflfflffi‘
529 5048 600 5103 emm
613 5054 641 5101 ⁰²
654 5040 851 5107 ⁵⁰¹⁵⁸d⁰s⁹⁰²¹⁰’
861 5054 941 5112 (ΨΜ
954 5050 1029 5096 ‘m
1081 5069 1123 5126 dis
1137 5068 1218 5125 iuisse
1228 5076 1386 5126 commotos.
1401 5068 1453 5124 Sed
1473 5070 1581 5140 insuper
1590 5070 1731 5127 interiecto
1745 5086 1760 5127 a
1775 5088 1806 5129 sc
1819 5090 1866 5128 su·

245 5143 350 5199 '‘um'‘
369 5142 408 5194 ⁵²¹³
421 5155 515 5194 “mm
527 5138 649 5193 ‘mmm
668 5133 789 5204 imm„
805 5131 926 5187 ΝΜ
936 5130 1029 5185 '⁰⁰¹⁰‘
1082 5175 1145 5216 cero
1160 5160 1386 5230 Tarquiniusipse
1399 5161 1540 5216 successit.
1554 5161 1629 5216 llum
1640 5162 1720 5218 illidii
1736 5163 1867 5218 neiurionr

244 5233 311 5289 tude
331 5232 434 5287 meritis
447 5231 550 5286 llomnli
567 5229 708 5284 tribuebat.
730 5223 810 5292 Quasi
823 5236 887 5278 rere
905 5221 928 5276 si
942 5221 1029 5277 luctus
1082 5252 1240 5325 parricidam
1257 5252 1343 5308 mr,
1359 5251 1542 5308 interlectione
1561 5264 1727 5325 regnantem,
1754 5257 1863 5329 imum

217 5452 219 5456 ,
277 5411 339 5461 asic
358 5422 445 5471 magno
463 5419 582 5456 consensu
599 5412 653 5456 tiss.
679 5410 706 5452 ιιι
724 5403 797 5461 milti,
813 5397 854 5457 ubi
873 5410 918 5450 rex
937 5405 1031 5451 lutosus
1115 5423 1647 5487 rsqcomnesmqnnsoeiptistanintentt.

207 5489 221 5566 l

243 5467 665 5583 mzngggfflgcreqrimnnmqnc
674 5463 798 5531 coquom
807 5460 968 5513 emetitacrut.
1113 5493 1128 5524 ,
1140 5494 1176 5542 sk
1184 5497 1238 5540 m
1251 5495 1276 5538 m
1287 5494 1321 5547 n,
1333 5484 1360 5538 m
1370 5485 1541 5538 mmm
1573 5496 1600 5538 tt.

290 5595 305 5644 b
324 5602 405 5645 neno.
1096 5573 1155 5685 ,ing
1170 5579 1204 5623 uc
1221 5571 1268 5622 boc
1278 5577 1304 5621 ct
1320 5569 1480 5632 sequentibus
1497 5568 1610 5620 uduo.
1626 5567 1668 5620 lib.
1687 5571 1709 5632 t,
1724 5579 1750 5622 ct
1770 5573 1866 5634 morra.

287 5670 301 5709 c
323 5657 370 5712 tls.
382 5653 424 5708 lib.
436 5655 457 5717 l,
468 5665 521 5714 cap.
532 5650 569 5714 to,
584 5657 609 5700 ct
618 5650 751 5714 oionqnus,
765 5645 807 5703 lib.
817 5645 833 5699 2
842 5643 955 5708 antiquit.
1085 5638 1128 5691 bb.
