3900 6390
204 367 617 441 mausolaeumque
638 389 687 429 nec
707 374 775 431 duos
792 374 857 431 aleos
870 375 911 430 vel
932 387 986 432 tres

203 456 281 514 ttobis
293 456 394 514 licitum
407 469 449 516 est
468 460 557 518 dicere
572 481 578 516 :
594 465 714 533 quamtis
729 464 762 520 de
774 481 931 536 unoquoque
943 467 985 521 lo-

200 557 324 618 quentes,
348 551 391 607 rel
410 550 445 609 de
458 551 546 618 l‘utre,
561 554 603 610 vel
620 554 654 609 de
675 555 755 620 Filio,
777 556 817 612 vel
832 556 866 612 de
885 557 984 627 Spiritu

199 647 304 707 macto,
318 640 398 697 etiarn
419 642 551 712 singulum
570 660 703 715 quemque
725 646 807 701 ileum
821 660 881 703 esse
901 648 983 703 latea-

198 745 277 796 mnt3
288 746 337 786 nec
347 731 464 790 dimmus
475 743 565 790 tanen
573 738 643 805 quod
655 736 923 795 uarerlctsmotttani
934 741 982 812 (a),

198 819 323 877 eumdem
337 836 397 878 esse
410 824 534 891 Patrem,
548 827 592 896 qui
605 835 647 882 est
658 835 687 882 et
699 827 798 894 Filius,
813 839 841 884 et
859 831 981 888 eumdem

199 909 328 979 Spiritum
342 922 481 980 sanctum,
503 916 547 984 qui
566 926 654 972 estet
675 918 793 977 lateret
814 921 912 989 l'ilius;
934 922 981 980 sed

197 998 304 1055 Patrem
319 1015 379 1058 esse
399 1001 458 1058 Filii
473 1004 590 1073 Patrem,
611 1016 640 1062 et
657 1007 753 1065 Filium
774 1010 859 1066 Patris
872 1008 979 1081 Filium,

194 1100 224 1144 et
237 1090 323 1147 Patris
341 1101 369 1148 et
388 1092 449 1149 Filii
463 1094 590 1166 Spiritum
603 1108 723 1155 salictum
738 1115 787 1156 nec
800 1101 906 1159 Patrem
920 1118 981 1160 csse

194 1181 478 1240 restituentem·
502 1188 590 1260 itaque
610 1189 709 1246 dictum
729 1204 787 1258 est,
803 1209 856 1249 tion
875 1196 979 1266 pnrgari

194 1268 331 1328 bominem
342 1273 395 1330 nisi
410 1276 549 1349 principio,
562 1281 682 1349 quamvis
695 1281 831 1352 pluraliter
843 1285 897 1341 sint
908 1287 978 1357 apud

191 1362 324 1419 ceadicta
339 1365 477 1438 principit.
490 1366 608 1443 lxxiii]
619 1371 671 1426 Sed
685 1372 805 1430 subditus
817 1376 978 1449 Porphyrius

191 1449 290 1507 inuidis
302 1455 488 1522 potestatibus,
499 1456 533 1512 de
544 1458 640 1528 quibus
653 1468 680 1515 et
693 1462 877 1531 erubescebat,
890 1475 917 1521 οι
930 1481 976 1523 cas

191 1538 277 1598 libere
290 1541 450 1614 redarguere
471 1544 640 1613 formidabat,
656 1551 741 1607 noluit
764 1552 912 1626 intelligere
923 1557 976 1612 lto·

191 1630 294 1686 mimam
302 1629 437 1689 Christum
450 1650 510 1692 esse
523 1639 691 1710 principium,
705 1642 781 1713 cujus
793 1644 975 1705 incarnatione

189 1736 346 1793 purgamur.
361 1723 429 1781 Eum
451 1729 548 1799 quippe
573 1730 600 1786 in
624 1732 680 1801 ipsa
703 1749 783 1791 carne
803 1740 972 1809 contempsit,

189 1824 270 1880 qnam
287 1822 396 1886 propter
409 1816 569 1874 sacrificium
584 1832 682 1878 nostrae
696 1827 858 1895 purgationis
872 1843 974 1886 assum·

189 1902 261 1971 psit;
276 1919 400 1976 magnum
415 1908 516 1965 scilieet
530 1925 726 1970 sacramentum
738 1931 769 1972 ea
783 1921 906 1989 superbia
919 1937 972 1978 uon

189 1994 351 2067 intelligens,
375 2015 454 2069 qoam
477 2016 525 2057 sua
547 2003 591 2060 ille
612 2005 760 2065 bumilitate
782 2010 879 2082 dejecit
893 2029 972 2072 serus

187 2082 372 2159 berrignmque
383 2089 522 2160 llediator,
535 2094 560 2150 in
573 2110 605 2151 ea
615 2112 645 2154 se
658 2100 801 2158 ostendens
811 2106 971 2164 mortalitate

186 2176 353 2245 mortalibus,
366 2195 445 2251 quarn
457 2186 564 2257 maligni
576 2185 735 2262 lallncesque
744 2193 906 2254 mediatores
916 2215 970 2255 non

185 2270 311 2328 babendo
328 2287 358 2329 se
374 2277 514 2346 superbius
528 2280 689 2349 extolemnt‚
711 2286 868 2358 miserisque
882 2288 969 2348 bomi-

183 2361 265 2419 nibus
275 2363 437 2434 adjutorium
449 2367 628 2440 deceptorium
640 2374 711 2430 velut
721 2377 886 2437 immortales
897 2397 970 2438 mor·

184 2450 283 2508 talibus
293 2454 482 2524 promisemnt.
497 2459 586 2518 Bnuus
599 2464 688 2535 itaque
700 2482 829 2539 uerusque
839 2469 968 2529 Mediator

182 2544 299 2600 ostendit
317 2557 453 2616 peccatum
468 2565 529 2607 esse
542 2554 656 2625 malum,
673 2573 725 2613 non
739 2561 828 2617 carnis
840 2563 966 2621 substan·

180 2633 246 2690 tiam
256 2635 298 2692 rel
310 2646 430 2695 naturam
441 2657 449 2707 ;
462 2657 522 2713 quoe
532 2659 592 2699 eum
602 2647 690 2703 arrima
699 2649 815 2708 bominis
828 2663 856 2708 et
867 2656 966 2728 suscipi

180 2726 240 2783 nine
251 2741 359 2799 ttecmto
373 2736 468 2804 potuit,
483 2747 510 2793 et
523 2737 625 2807 baberi,
639 2752 667 2797 et
678 2755 764 2799 morte
777 2745 884 2818 deponi,
899 2760 927 2807 et
938 2752 964 2806 in

179 2819 276 2876 mellus
297 2827 493 2884 resurrectione
517 2832 615 2886 mutari
634 2850 641 2887 :
662 2848 712 2891 neo
732 2835 817 2905 ipsam
839 2849 962 2909 triantem,

178 2910 300 2979 quamuis
312 2923 384 2970 osset
398 2932 475 2986 poena
494 2922 612 2989 peccati,
626 2938 705 2993 quam
719 2935 806 2982 tamon
824 2944 873 2999 pro
888 2931 963 2989 nobis

177 2999 237 3057 sinc
250 3013 358 3072 peccato
373 3005 431 3076 ipse
445 3009 580 3078 persolvit,
595 3014 728 3082 peccando
742 3031 802 3072 esse
811 3019 961 3087 uitandam

175 3090 224 3145 sed
239 3094 344 3161 potius,
364 3097 386 3151 si
408 3098 516 3155 lacultas
530 3100 624 3169 datur,
640 3120 689 3174 pno
707 3105 809 3177 justitia
823 3111 960 3180 perferen·

175 3179 247 3237 dam.
271 3183 333 3244 taso
353 3188 424 3244 enim
447 3192 552 3250 solvere
573 3198 659 3265 potuit
681 3200 821 3258 moriendo
842 3215 959 3274 peecata,

174 3273 235 3341 quia
251 3285 278 3329 et
292 3287 412 3335 mortuus
426 3292 482 3349 est,
496 3294 521 3340 et
535 3301 588 3341 non
603 3303 651 3357 pro
666 3304 714 3345 suo
729 3302 836 3360 peccato
850 3297 868 3348 ¹.
885 3295 960 3355 llunc

174 3363 219 3422 illc
239 3367 390 3428 Platonicus
404 3390 457 3430 non
474 3379 601 3448 cognorit
618 3395 679 3437 esse
699 3385 874 3456 principiurn;
898 3405 958 3445 nam

173 3469 345 3528 cognosceret
367 3467 557 3534 purgatorium.
578 3467 669 3539 Neque
690 3474 762 3528 enim
780 3490 844 3531 caro
858 3479 957 3547 princi·

172 3546 245 3615 pium
257 3557 313 3619 est,
326 3561 372 3607 aut
384 3555 471 3610 anima
486 3555 619 3626 bumana;
638 3561 684 3617 sed
700 3563 814 3619 Verbum
829 3582 875 3635 per
887 3571 957 3639 quod

171 3633 241 3692 lacta
254 3647 317 3695 sunt
335 3645 433 3697 omnia.
448 3645 505 3701 Non
519 3664 582 3718 ergo
596 3665 659 3707 caro
672 3669 722 3724 per
735 3670 764 3710 se
778 3655 862 3726 ipsam
877 3675 956 3715 mutt-

169 3725 233 3793 dat,
256 3729 304 3784 sed
324 3747 373 3802 per
388 3734 503 3792 Verbum
516 3753 531 3792 a
545 3756 599 3810 quo
612 3753 734 3812 suscepta
749 3756 800 3811 est,
815 3763 874 3802 eum
892 3748 955 3804 Ver·

168 3817 228 3872 lusu
237 3837 297 3875 coro
309 3824 462 3894 factumest,
476 3837 499 3882 et
514 3828 633 3886 habitauit
644 3836 671 3888 itt
684 3835 755 3890 uobis
767 3836 793 3908 (1
797 3852 855 3891 orn.
868 3855 886 3901 t,
899 3841 953 3910 lt).

168 3906 235 3964 llam
249 3910 282 3966 de
294 3927 374 3970 carne
385 3931 431 3970 sua
442 3919 622 3976 manducanda
634 3927 746 3998 mystice
759 3929 880 3999 loquens,
894 3947 953 3986 curn

168 3996 197 4053 bl
209 3999 255 4070 qni
268 4016 321 4056 tion
335 4003 525 4063 intellexerunt
538 4008 631 4066 ollensi
645 4015 809 4080 recederent,
824 4018 952 4086 diceutes,

167 4086 256 4145 Durus
267 4101 303 4146 est
317 4093 358 4147 bic
376 4111 467 4164 toruo,
480 4101 535 4169 quia
549 4117 605 4154 euru
618 4113 698 4172 potest
712 4106 823 4161 audire?
840 4123 953 4179 respon·

167 4180 206 4238 dit
218 4185 387 4242 manentibus
401 4190 515 4256 caeteris,
531 4191 642 4262 Spiritus
656 4199 747 4267 estqui
761 4198 878 4267 vivificat,
893 4218 952 4256 coro

166 4282 250 4327 autem
263 4290 314 4330 rou
328 4277 429 4347 prodest
441 4280 577 4354 quidquam
591 4282 645 4356 (ld.
660 4302 697 4354 vt,
711 4285 756 4352 dl,
770 4287 826 4359 ot).
849 4290 950 4347 Princi-

165 4362 238 4432 pium
251 4379 317 4438 ergo
338 4379 460 4440 suscepta
482 4371 569 4427 anima
582 4384 609 4429 et
621 4389 701 4432 carne
722 4387 749 4432 et
762 4381 877 4436 anuinium
890 4399 950 4437 ere·

164 4453 283 4513 dentium
302 4459 413 4515 muttdut
433 4470 460 4517 et
481 4478 600 4520 caruem.
625 4464 687 4522 ldeo
706 4472 887 4540 querentibus
900 4472 949 4528 Ju-

163 4545 229 4602 daeis
239 4549 298 4618 qais
308 4560 388 4615 esset,
400 4553 537 4623 respondit
547 4570 576 4610 se
585 4571 645 4611 esse
655 4559 811 4629 principium
825 4561 879 4632 (ld.
891 4580 947 4629 vrrs,

162 4636 220 4716 25).
239 4639 314 4708 Quod
327 4644 416 4713 uritque
430 4647 559 4712 carnales,
576 4643 683 4714 inllrmi,
700 4653 816 4720 peccatis
829 4655 946 4722 olmotii,

161 4739 188 4784 οι
201 4730 356 4800 ignorantie
371 4736 485 4791 tenebris
499 4736 615 4793 obvoluti
633 4756 796 4812 nequaquam
811 4748 947 4817 percipere

160 4836 311 4893 possemus,
325 4824 376 4880 nisi
390 4827 424 4882 ab
437 4844 470 4884 co
485 4831 675 4886 mundaremur
688 4843 767 4905 atque
780 4850 945 4905 sanaremur,

157 4927 209 4982 per
230 4913 283 4972 boc
304 4919 373 4987 qnod
388 4934 494 4978 eramus
509 4932 533 4978 ot
550 4940 602 4978 non
618 4941 734 4982 eramus.
750 4928 861 4985 Ermnus
875 4934 945 4987 enim

156 5002 299 5075 boniines,
320 5009 367 5065 sed
381 5010 443 5080 justi
458 5029 511 5068 non
534 5030 640 5070 oraturus
658 5015 695 5090 (b)
712 5036 719 5071 ι
734 5019 760 5073 iu
773 5019 843 5076 illius
857 5033 944 5078 antem

154 5093 343 5154 incarnatione
356 5111 447 5156 natura
461 5104 576 5159 bumana
588 5117 655 5173 erat,
667 5109 713 5163 sed
724 5108 805 5179 justa,
817 5127 871 5167 tion
882 5128 945 5183 pec·

155 5224 321 5346 Mtusst’tsssss„
332 5236 355 5281 st
363 5244 408 5282 nou
419 5245 464 5294 pro
473 5241 570 5298 peccam
576 5248 586 5297 ,·
596 5237 638 5287 ubi
649 5235 810 5301 supplendum
820 5239 944 5306 relinque·

188 5346 225 5411 (ο)
236 5357 360 5413 coquens,
370 5353 401 5403 de
410 5353 454 5403 bac
462 5354 551 5406 baeresi
562 5357 672 5409 disseren
704 5359 757 5413 lraec
765 5363 881 5415 interulis
889 5364 943 5428 plu-

155 5407 217 5458 rima
229 5409 302 5462 babet
314 5426 320 5462 :
338 5431 348 5458 t
360 5415 498 5465 Existimant
506 5430 599 5488 'omnes
607 5372 735 5471 sanetdiom
747 5426 848 5486 primum
858 5434 942 5500 aucto-

158 5487 172 5516 s
181 5482 236 5520 rem
256 5471 331 5523 luisse
343 5475 414 5537 bajus
425 5477 535 5529 baerests.
553 5481 698 5543 Epipbanins
715 5491 796 5535 tamen
810 5487 899 5537 haeresi
911 5490 941 5538 57

158 5532 267 5594 «refert,
278 5537 395 5593 u'oetium,
406 5537 501 5587 sabellii
513 5549 697 5604 praeceptorem,
706 5554 763 5597 ante
772 5559 829 5600 eum
837 5549 906 5615 banc,
915 5558 942 5602 ιιι

158 5591 241 5643 «alias
252 5596 381 5669 plerasque
392 5599 510 5656 baeresim,
522 5604 680 5666 exmgtusse
696 5621 707 5652 s
759 5617 787 5659 tt.

185 5653 221 5718 (b)
232 5657 296 5708 conl.
308 5668 380 5723 optat.
391 5661 443 5722 lib,
457 5675 481 5711 tt.
494 5659 530 5714 tu.

885 264 986 320 tibuit
1006 266 1151 328 obertus

1774 311 1827 372 5111

1042 382 1125 438 eatrix
1148 397 1217 442 erat.
1243 390 1304 448 ttae
1324 407 1368 452 est
1390 403 1531 471 attediatio,
1554 427 1604 480 qua
1626 429 1718 475 uranus
1744 423 1824 494 laquis

1038 469 1240 548 jacentibusque
1262 498 1382 552 persecut
1396 503 1457 548 est:
1473 495 1523 552 boc
1536 512 1577 556 est
1598 519 1691 562 seoren
1709 511 1825 582 disposi-

1039 569 1095 618 tum
1107 567 1295 642 peringelos,
1315 577 1468 650 inquorum
1485 587 1580 649 odietis
1600 606 1627 652 et
1648 598 1692 655 lex
1711 603 1826 664 dabutm

1039 653 1136 725 (Galat.
1151 675 1191 729 ut,
1206 663 1271 735 111),
1284 683 1336 738 qua
1351 680 1378 726 et
1392 690 1460 732 uuus
1473 678 1543 737 Deus
1555 685 1606 740 celi
1622 688 1781 768 jubebatur,
1796 711 1825 759 οι

1037 745 1081 803 bic
1095 750 1224 811 llediator
1238 770 1365 820 uenturus
1380 770 1590 838 promittebatur.

1035 855 1149 918 cetur
1162 863 1245 924 llllll.
1256 901 1293 914 -
1303 874 1396 935 datura
1407 895 1506 942 samios
1518 898 1543 943 et
1554 893 1599 946 sub
1611 895 1686 968 Lapis
1695 909 1816 976 temporo,

1071 964 1094 1008 ct
1111 959 1156 1012 sub
1169 961 1296 1030 prioribus
1307 972 1420 1038 sarculis,
1435 978 1461 1031 irs
1475 995 1630 1042 moonteuto
1643 999 1668 1045 et
1679 993 1731 1062 fide
1743 995 1820 1054 ctat-

1069 1046 1101 1098 sti
1108 1048 1264 1120 justificatos
1278 1056 1365 1127 {uisse

1068 1154 1150 1226 liuius
1163 1170 1321 1224 sacramenti
1341 1171 1393 1230 llde
1406 1175 1485 1235 etiam
1501 1182 1565 1252 iusti
1578 1191 1679 1264 antiqui
1694 1193 1816 1260 mundari

1032 1247 1075 1315 pie
1091 1250 1203 1309 virendo
1216 1268 1370 1332 potuerunt,
1386 1283 1438 1323 non
1452 1273 1537 1332 solum
1549 1290 1690 1354 autequam
1705 1264 1748 1346 lex
1765 1308 1816 1364 po-

1031 1340 1092 1406 pulo
1117 1342 1230 1401 liebrmo
1251 1351 1358 1412 daretur
1380 1356 1484 1432 (neque
1506 1370 1575 1423 euim
1595 1374 1635 1430 eis
1656 1381 1815 1446 predicator

1030 1428 1099 1488 bens
1112 1436 1154 1491 vel
1166 1442 1260 1513 angeli
1274 1443 1416 1507 delnernnt
1425 1453 1450 1522 ),
1465 1457 1512 1514 sed
1533 1460 1616 1533 lpslus
1627 1482 1732 1544 quoqne
1743 1474 1813 1550 lagu

1028 1527 1201 1598 temporibus,
1223 1539 1342 1604 quamvis
1363 1541 1389 1596 iu
1410 1543 1501 1615 liguris
1524 1567 1612 1611 rernm
1634 1560 1811 1631 spiritualium

1028 1610 1126 1672 babere
1140 1619 1274 1680 videretur
1287 1628 1296 1660 ¹
1309 1633 1436 1697 promissa
1458 1641 1592 1709 carnalia,
1613 1661 1722 1721 propter
1741 1658 1812 1728 qnod

1027 1713 1103 1759 votus
1122 1706 1218 1765 dicitur
1231 1712 1441 1779 Testamentum.
1457 1726 1573 1789 Nant‘ct
1593 1735 1733 1809 Proplretae
1748 1756 1811 1808 tune

1026 1801 1110 1859 erant,
1125 1810 1175 1867 per
1187 1816 1263 1871 quos,
1278 1805 1346 1863 sictu
1361 1826 1408 1879 per
1421 1816 1545 1886 turgotus,
1560 1825 1653 1884 eadem
1669 1837 1810 1901 promissio

1026 1887 1165 1954 praedicata
1179 1904 1219 1948 est
1234 1914 1241 1949 :
1254 1906 1282 1952 et
1294 1915 1325 1954 er
1341 1902 1571 1979 illornmlnumero
1584 1933 1653 1988 erat,
1667 1926 1743 1997 cuijus
1755 1938 1808 1989 tam

1025 1992 1144 2049 magnam
1172 1984 1341 2062 divinamque
1370 2002 1528 2058 sententiam
1552 2007 1585 2062 dc
1612 2011 1675 2070 boni
1700 2016 1807 2078 bamam

1025 2067 1075 2123 lane
1088 2074 1167 2141 paulo
1180 2087 1243 2135 ante
1260 2091 1483 2157 commemorari,
1498 2094 1565 2151 Milti
1578 2111 1660 2156 nutem
1677 2107 1807 2168 adimere

1025 2156 1086 2223 Deo,
1103 2161 1194 2218 lorium
1208 2177 1254 2222 est.
1270 2169 1297 2225 ln
1311 2188 1364 2243 quo
1378 2176 1456 2246 plane
1471 2185 1573 2252 psalmo
1585 2189 1696 2249 datorum
1712 2198 1806 2255 'lesta-

1023 2258 1183 2319 mentomm,
1204 2271 1263 2326 quae
1283 2260 1409 2322 dicuntur
1426 2280 1502 2326 vetos
1517 2284 1543 2329 ot
1555 2293 1667 2348 riorum,
1683 2289 1748 2343 satis
1765 2302 1807 2347 est

1021 2338 1154 2397 declarata
1167 2343 1309 2406 distinctio.
1325 2353 1439 2426 Propter
1451 2366 1573 2422 ctrnoles
1583 2370 1655 2426 euim
1671 2383 1806 2436 terrenas·

1019 2443 1073 2497 que
1085 2435 1290 2508 promissiones,
1305 2457 1365 2500 cum
1378 2461 1424 2504 eas
1444 2450 1531 2523 impiis
1551 2458 1686 2520 abundare
1700 2475 1804 2541 perspi-

1019 2529 1108 2588 ceret,
1123 2523 1187 2581 dicit
1209 2528 1291 2599 pedes
1312 2548 1375 2592 suos
1398 2554 1466 2609 pene
1489 2544 1572 2603 inism
1594 2565 1760 2624 commotos,
1776 2571 1804 2617 rt

1020 2609 1119 2667 ellnsos
1143 2615 1168 2670 in
1192 2619 1294 2687 lapsam
1310 2631 1500 2696 propemodum
1522 2651 1630 2706 gressus
1644 2661 1724 2711 suos,
1745 2660 1804 2707 tun-

1017 2716 1095 2769 quam
1117 2705 1210 2762 irttstra
1227 2711 1282 2768 lieo
1303 2716 1359 2785 ipse
1380 2723 1520 2793 servisset,
1541 2744 1603 2786 cum
1616 2750 1646 2788 ea
1665 2736 1801 2810 lellcitate,

1016 2807 1094 2861 quam
1109 2796 1143 2853 de
1163 2799 1210 2855 illo
1223 2809 1407 2877 exspectabat,
1423 2824 1621 2887 contemptores
1632 2829 1689 2895 eius
1700 2831 1802 2892 florere

1016 2890 1197 2958 perspiceret;
1220 2911 1303 2968 seque
1323 2902 1349 2955 in
1372 2905 1411 2959 rei
1436 2905 1515 2976 hujus
1533 2910 1704 2984 inquisitione
1725 2925 1801 2982 labn-

1014 2992 1099 3046 rasse,
1113 2983 1245 3042 uolentem
1268 3005 1316 3046 cur
1330 2992 1365 3047 ita
1388 3009 1460 3053 esset
1480 3004 1691 3076 apprelnmdere,
1715 3015 1801 3075 donec

1014 3071 1126 3130 intraret
1146 3077 1172 3132 in
1187 3085 1365 3140 sanctuarium
1383 3088 1439 3154 bei,
1455 3100 1481 3145 et
1495 3093 1652 3168 intelligeret
1668 3104 1694 3156 iu
1708 3108 1800 3163 nouis·

1012 3165 1079 3220 sima
1099 3183 1203 3236 eorum,
1225 3173 1269 3242 qui
1295 3174 1385 3234 lelices
1408 3181 1566 3242 videbantur
1590 3194 1700 3248 erranti.
1723 3196 1799 3255 'ltine

1014 3270 1060 3312 eris
1073 3257 1202 3316 intellexit
1214 3263 1242 3319 in
1264 3279 1297 3322 eo
1310 3270 1380 3338 qnod
1393 3285 1423 3327 se
1446 3276 1608 3345 extulerunt,
1632 3283 1701 3340 sicut
1722 3286 1795 3356 dicit,

1011 3348 1092 3405 luisse
1113 3351 1240 3422 dejectos,
1263 3368 1288 3413 et
1302 3358 1432 3420 deiecisse
1445 3380 1476 3421 ac
1490 3369 1590 3437 perisse
1614 3387 1722 3444 propter
1743 3380 1798 3436 ini·

1010 3442 1124 3510 quitates
1149 3461 1230 3514 suas;
1258 3457 1396 3524 totumque
1423 3456 1487 3513 illud
1512 3462 1618 3519 culmen
1644 3470 1798 3538 temporalis

1011 3531 1142 3590 solicitatis
1155 3536 1237 3593 itaeis
1248 3539 1346 3598 lactum
1357 3554 1480 3618 tanquam
1494 3555 1626 3610 somnium
1637 3560 1795 3632 evigilantis,

1009 3627 1053 3692 qni
1066 3641 1095 3680 se
1108 3638 1218 3697 repente
1231 3631 1334 3690 invenit
1348 3636 1405 3693 sois
1418 3654 1477 3709 quae
1491 3646 1639 3703 somniabat
1659 3649 1795 3711 fallacibus

1007 3719 1110 3786 gaudiis
1132 3721 1298 3780 destitutum.
1326 3728 1358 3784 Et
1380 3733 1505 3801 quoniam
1530 3736 1557 3792 ln
1581 3738 1631 3794 bac
1656 3750 1726 3799 terra
1751 3747 1794 3804 rol

1007 3809 1113 3865 ciuitate
1134 3822 1239 3869 terrena
1254 3819 1342 3888 magni
1357 3819 1407 3875 sibi
1422 3822 1595 3894 videbantur,
1612 3828 1738 3904 bonane,
1753 3835 1793 3891 in·

1006 3901 1073 3968 quit,
1088 3902 1114 3955 itt
1129 3904 1284 3961 civitatetua
1301 3910 1435 3981 insaginem
1449 3930 1535 3968 eorum
1554 3918 1589 3971 ad
1609 3920 1716 3978 nibilum
1732 3927 1793 3980 red·

1005 3990 1068 4060 ipos.
1077 3990 1154 4061 Quod
1169 3993 1230 4050 ltuie
1244 4005 1332 4052 nmen
1348 4001 1411 4057 utile
1425 4001 1514 4071 luerit,
1526 4006 1606 4063 otiam
1619 4009 1675 4080 ipsa
1687 4022 1792 4072 terrena

1005 4085 1110 4140 nonnisi
1125 4085 1159 4140 ab
1172 4102 1226 4144 uno
1239 4103 1304 4145 vero
1316 4091 1373 4147 lieo
1384 4108 1514 4163 quarere,
1528 4097 1554 4152 in
1569 4101 1645 4170 cuijus
1659 4113 1791 4173 potestate

1004 4187 1065 4231 sunt
1078 4179 1177 4243 omnia,
1191 4181 1257 4236 satis
1270 4184 1395 4252 ostendit,
1410 4187 1452 4242 ubi
1468 4189 1514 4253 ait,
1531 4188 1608 4247 Velut
1620 4210 1695 4265 ρεοοο
1707 4200 1791 4268 [mter

1003 4281 1060 4319 aum
1073 4268 1143 4338 apud
1157 4279 1195 4333 te,
1209 4280 1233 4324 et
1247 4287 1292 4341 eqo
1311 4275 1509 4354 sempeternus.
1529 4279 1602 4336 i'slut
1622 4300 1698 4354 perus
1711 4285 1788 4355 dirit,

1003 4357 1094 4429 utique
1115 4374 1169 4414 non
1191 4361 1352 4434 intelligens.
1377 4366 1414 4421 lla
1438 4371 1537 4440 quippe
1554 4387 1570 4427 a
1590 4382 1615 4429 te
1636 4375 1789 4435 desiderare

1002 4449 1092 4518 debui,
1108 4466 1168 4521 quac
1181 4452 1246 4509 milti
1260 4469 1322 4510 cum
1339 4456 1427 4528 impiis
1444 4475 1495 4515 nou
1516 4475 1627 4533 possum
1641 4482 1702 4524 esse
1714 4484 1789 4525 cotu-

1001 4541 1107 4608 munia;
1130 4557 1183 4599 non
1196 4559 1226 4600 ea
1241 4546 1395 4616 quibu's'eos
1410 4565 1470 4605 curu
1489 4555 1624 4611 abundare
1637 4572 1786 4628 comerent,

1000 4632 1089 4703 putavi
1110 4648 1153 4689 me
1166 4634 1299 4690 incassum
1313 4620 1360 4692 tibi
1375 4641 1499 4708 servisse,
1516 4645 1621 4713 quaudo
1635 4656 1663 4701 et
1678 4648 1713 4703 illi
1728 4648 1786 4707 ltaec

1001 4720 1141 4790 baberent,
1152 4724 1197 4795 qui
1211 4726 1256 4782 tibi
1270 4713 1538 4787 seruirenoluisseut.
1553 4733 1652 4790 Tamen
1664 4753 1709 4809 eqo
1720 4756 1787 4794 mur·

999 4831 1043 4886 por
1055 4824 1151 4879 tecum,
1165 4817 1208 4887 qui
1221 4818 1300 4873 etiam
1324 4820 1350 4875 iu
1365 4821 1457 4877 talium
1473 4839 1561 4878 rerum
1575 4825 1709 4883 desiderio
1720 4831 1786 4887 deos

999 4905 1065 4959 alios
1090 4921 1142 4961 non
1162 4909 1281 4979 quaesivi.
1302 4912 1341 4966 Ac
1361 4927 1409 4981 per
1430 4913 1481 4968 boe
1504 4915 1623 4984 sequitur
1644 4936 1651 4974 ι
1673 4918 1785 4978 Tenuisti

999 5014 1101 5052 aunuum
1115 4998 1225 5055 dexteru
1237 5004 1334 5067 meu',
1350 5009 1374 5057 rt
1393 5003 1418 5057 t'rt
1442 5004 1571 5060 uoluntate
1592 5017 1634 5061 tuo
1658 5011 1784 5068 deduxisti

997 5105 1053 5154 ure,
1067 5099 1089 5143 et
1109 5105 1165 5144 crant
1179 5092 1261 5163 gloria
1276 5096 1435 5163 assumpsisti
1450 5113 1489 5149 me
1501 5113 1510 5151 :
1524 5106 1647 5169 tutiquam
1667 5102 1699 5159 ad
1720 5107 1782 5162 sitti-

997 5189 1078 5234 stram
1092 5193 1186 5236 cerreta
1202 5183 1245 5238 illa
1258 5185 1417 5252 pertineant,
1432 5201 1490 5256 qum
1503 5188 1637 5247 tiliumlare
1650 5197 1719 5263 apud
1733 5199 1783 5251 im-

995 5270 1054 5340 pios
1067 5285 1127 5325 eum
1138 5272 1257 5336 uidisset,
1273 5289 1339 5342 pene
1351 5276 1482 5346 collapsus
1496 5289 1545 5333 est.
1560 5280 1628 5346 Qrtirl
1639 5285 1707 5338 seim
1720 5289 1782 5342 asilii

995 5371 1047 5428 cst,
1061 5361 1162 5432 inquit,
1176 5364 1202 5416 iu
1215 5365 1299 5419 culo?
1319 5375 1341 5420 st
1355 5383 1371 5420 o
1383 5377 1407 5420 te
1420 5368 1481 5438 quid
1496 5371 1562 5426 ooittt'
1575 5390 1651 5440 super
1665 5380 1781 5432 terrain?

1026 5551 1035 5582 ¹
1052 5553 1090 5597 ur.
1103 5554 1129 5599 et
1147 5553 1213 5605 tor..
1224 5533 1376 5598 ‘oidmcrttttm
1398 5546 1441 5598 tulii
1454 5547 1518 5611 libri,
1539 5551 1669 5614 uideretur,
1687 5554 1779 5606 scilicet

993 5611 1045 5706 las
1052 5677 1117 5734 ton,
1130 5668 1257 5722 daurom
1268 5682 1345 5721 racem
1351 5683 1361 5733 ,·
1371 5670 1569 5727 dissentientibus
1580 5676 1676 5728 suteris
1686 5673 1765 5729 libris.
