3900 6390
159 436 255 508 gloria,
270 433 394 505 ροιιιιιίι,
413 438 441 490 et
458 429 556 502 siquid
576 427 738 500 hujusmodi,
754 440 806 482 non
823 427 861 482 sic
873 426 949 483 addi·

159 526 270 592 derunt,
285 533 316 579 at
329 522 408 579 bour
421 529 503 587 essct,
519 519 546 576 1ι1
559 528 601 575 est
612 527 721 589 propter
735 532 764 573 se
775 517 859 586 ipsum
868 533 948 588 appe-

160 618 289 682 tendum,
315 614 362 670 sed
388 622 497 685 propter
521 610 592 667 aliud
607 626 615 677 ;
633 611 784 679 bonumque
805 618 876 664 esser
898 608 949 664 troc

159 721 246 779 genus
258 704 368 772 banis¹,
379 703 479 758 malurn
497 711 586 757 autem
600 701 686 756 malis.
699 700 737 754 lta
750 700 846 754 bonrum
860 698 948 753 hami-

160 803 215 869 nis,
230 800 277 871 qui
289 798 331 853 rel
345 797 380 852 ab
393 796 492 863 animo,
506 795 548 850 rel
560 810 575 849 a
588 807 710 864 corpure,
726 792 769 847 rel
781 791 814 845 ab
837 801 950 860 utroque

159 891 359 962 expetiverunt,
369 887 434 942 nibil
444 885 516 942 eliud
526 885 645 956 quautab
656 883 761 939 bomine
774 881 949 952 expetendum

160 996 222 1037 esse
232 987 402 1052 putaverunt.
420 976 473 1032 Sed
487 975 532 1046 qui
543 975 568 1029 id
581 974 765 1044 appetiverunt
776 988 790 1026 a
803 985 950 1041 corporea

162 1080 238 1144 parte
256 1070 372 1126 bominis
391 1068 539 1131 deteriore;
554 1066 598 1136 qui
616 1081 680 1121 rero
691 1065 725 1119 ab
737 1064 834 1129 auimo,
850 1072 951 1132 aparte

162 1165 293 1228 meliore;
303 1162 350 1232 qui
366 1170 457 1216 autem
469 1159 503 1214 ab
516 1168 639 1227 utroque,
653 1173 667 1210 a
683 1166 738 1211 toto
751 1156 867 1210 bomine.
889 1154 952 1209 Sira

161 1269 249 1326 ergoa
258 1263 331 1324 parte
346 1250 473 1322 qnalibet,
484 1250 540 1305 sire
553 1264 567 1301 a
579 1257 644 1314 toto,
655 1263 707 1301 non
719 1247 769 1301 nisi
783 1246 816 1300 ab
829 1245 946 1299 bomine.

162 1345 218 1403 Nee
240 1346 300 1401 istae
321 1343 487 1407 dillerenliae,
506 1342 631 1412 quoniam
654 1350 709 1394 tres
725 1338 866 1405 sunt,ideo
886 1347 949 1404 tres,

163 1436 213 1494 sed
234 1435 335 1491 multas
354 1435 536 1490 dissensiones
564 1429 782 1502 pbilosophorum
812 1437 953 1498 sectasque

163 1526 390 1596 [eremumque
410 1523 490 1581 etde
517 1524 587 1578 bono
611 1522 750 1591 corporis,
777 1530 804 1575 et
825 1520 858 1575 de
883 1521 953 1574 bono

162 1615 339 1686 animi,etde
360 1617 430 1670 bane
451 1615 587 1684 utriusque
606 1613 702 1669 diversi
725 1614 830 1666 ‹iirersa
854 1611 952 1680 opinati

163 1720 229 1768 sunt
253 1709 302 1783 (a).
322 1709 423 1765 Cedant
442 1708 521 1777 igitur
539 1703 565 1761 bi
590 1721 682 1760 omncs
700 1706 750 1759 illis
773 1703 952 1774 pbilosophis,

166 1801 214 1873 qut
235 1816 292 1856 non
314 1798 559 1855 dixeruntbcatom
582 1812 641 1851 csse
664 1795 798 1850 bominem
823 1794 953 1849 fruentem

163 1906 300 1962 surpere,
323 1891 365 1944 rel
382 1888 511 1943 iruerrtem
531 1888 629 1952 arriruo,
653 1886 699 1941 seu
720 1885 849 1940 fruentem
872 1884 950 1940 Deo:

166 1997 220 2037 non
234 1983 303 2037 sieut
315 1995 427 2049 corpure
441 1981 480 2035 rel
494 1994 524 2035 se
537 1979 595 2047 ipso
609 1979 776 2038 animosam
788 1979 856 2032 sieut
866 1979 952 2032 amice

165 2073 280 2139 amicus,
290 2072 337 2127 secl
352 2072 420 2126 sieut
433 2070 492 2125 luce
505 2071 612 2135 oculus;
624 2071 646 2123 si
656 2069 795 2137 aliquidab
808 2069 849 2122 bis
863 2067 896 2122 ad
910 2069 954 2122 illa

164 2162 345 2218 similitudinis
369 2160 530 2216 allerenrlum
556 2163 635 2220 est¹,
657 2160 726 2228 quarl
753 2158 829 2227 quale
851 2159 904 2221 sil,
931 2158 954 2212 si

166 2256 239 2310 Deus
262 2255 320 2324 ipse
342 2253 495 2322 adjuverit,
520 2252 571 2305 atio
590 2252 664 2313 luco,
684 2260 810 2320 quantum
838 2264 886 2321 per
907 2264 956 2304 nus

166 2344 227 2400 neri
247 2344 353 2414 poterit,
372 2344 518 2420 apparebit.
535 2341 603 2414 [le
616 2342 689 2396 Nrruc
707 2348 771 2426 satis
792 2342 955 2395 sircomrne·

166 2453 294 2502 uibrare,
316 2438 451 2493 Platonem
477 2436 669 2492 determinasse
692 2434 769 2488 burm
794 2433 855 2488 beni
877 2447 954 2497 esse,

165 2529 314 2585 muudum
334 2529 458 2591 rirtutetu
476 2529 575 2587 rivere.
589 2536 615 2580 ct
630 2527 653 2580 ei
671 2527 718 2579 soli
740 2526 846 2579 euenire
864 2539 955 2596 posse,

164 2620 214 2691 qui
242 2619 362 2676 notitiam
384 2619 430 2673 bei
453 2617 548 2681 babeat
568 2625 595 2675 er
614 2619 804 2677 inritariaoem;
828 2632 877 2672 nee
895 2631 956 2674 esse

166 2712 248 2767 aliam
264 2710 298 2766 ob
312 2725 419 2764 eausam
439 2711 553 2764 beatum.
578 2709 691 2778 lucoque
713 2725 765 2762 uon
782 2709 884 2763 dubitat
905 2709 956 2763 hue

165 2817 230 2858 esse
252 2801 451 2872 philosophari,
472 2815 563 2854 amare
589 2801 685 2863 baum:
708 2801 783 2869 cuim
809 2808 901 2854 nunna
922 2799 956 2853 sit

166 2893 354 2961 incorporalis.
370 2891 443 2947 Unde
461 2893 549 2959 utique
568 2892 708 2959 colligitur,
732 2900 794 2945 torre
816 2889 871 2945 iore
894 2891 957 2944 bea·

164 2992 224 3046 sum
237 2982 383 3036 studiosum
400 2983 537 3051 sapientiae
554 2981 599 3052 (id
616 2983 686 3035 enim
700 2991 741 3035 est
752 2978 954 3054 philosophus),

164 3089 228 3134 euru
238 3073 291 3128 beo
299 3073 348 3127 inti
357 3074 610 3142 carpeanuaruris
621 3074 691 3139 enirn
702 3090 752 3125 non
761 3074 888 3131 continuo
897 3073 957 3128 bca·

166 3172 209 3219 tus
218 3164 254 3218 sit
264 3204 272 3230 ,
283 3165 327 3233 qni
338 3179 370 3217 eo
382 3164 478 3218 fruitur
489 3164 560 3234 quod
572 3172 659 3224 amau:
676 3164 750 3224 rrtrtlti
759 3165 829 3218 euim
839 3163 953 3219 amandu

165 3268 198 3309 ea
212 3269 273 3325 quae
282 3253 394 3308 amanda
412 3270 462 3308 non
476 3262 548 3319 sunt,
568 3256 658 3322 miseri
674 3263 746 3318 sunl,
764 3262 791 3308 et
803 3255 956 3309 miseriores

165 3343 464 3407 eumlruuuturzuemo
488 3353 574 3399 tamen
593 3345 685 3398 beatus
706 3346 817 3413 est,qui
834 3360 868 3400 ee
885 3345 956 3415 quod

166 3446 240 3491 aurat
252 3452 305 3490 non
319 3435 424 3490 lruitnr.
442 3435 506 3503 llam
527 3447 553 3489 et
572 3437 621 3504 ipsi
638 3439 681 3506 qui
699 3451 743 3490 res
762 3453 814 3490 rron
828 3436 956 3491 amandas

166 3534 268 3588 amant,
287 3542 339 3581 non
359 3541 389 3580 se
407 3527 498 3579 branae
515 3527 629 3580 amando
649 3535 750 3596 putant,
766 3527 812 3581 sed
832 3525 955 3581 fruendo.

166 3615 292 3685 Quisquis
304 3629 367 3684 erge
380 3614 473 3669 lruitur
481 3620 590 3686 aequori
601 3627 681 3682 aurat,
693 3631 838 3687 rerumque
847 3626 874 3670 ct
882 3631 956 3672 surn-

166 3724 242 3764 mum
258 3708 448 3776 brnrrmarmr,
462 3711 590 3780 quiscum
610 3709 714 3764 beatum
727 3710 775 3764 nisi
792 3709 957 3765 miserrimus

168 3800 265 3870 negat?
276 3799 361 3869 ipsum
375 3811 463 3855 aruem
477 3817 567 3855 verum
581 3816 611 3854 ac
625 3816 756 3854 suormum
768 3800 865 3853 barrum
881 3798 957 3855 Plato

167 3891 233 3946 dicit
250 3890 344 3955 beutu,
364 3891 432 3945 rande
452 3891 507 3944 ruit
530 3907 589 3945 csse
609 3890 794 3960 philosophum
812 3896 956 3943 amatorem

167 3981 228 4049 nei,
243 3989 282 4044 ut,
294 3981 417 4051 quoniam
432 3980 598 4052 philosophia
615 3980 647 4034 ad
663 3980 764 4034 trentam
778 3979 857 4032 uitam
873 3977 957 4034 tendit

168 4073 263 4139 ¹lrueus
281 4074 336 4128 [lca
350 4073 385 4127 sit
397 4071 490 4127 beatus
502 4073 545 4141 qui
562 4072 644 4125 [lcum
656 4071 792 4125 amareris.

168 4185 282 4242 CAPUT
297 4184 380 4239 lX.-
387 4185 425 4237 De
437 4200 466 4238 ea
476 4183 635 4255 philosophia
645 4199 701 4253 aare
710 4182 745 4236 'ad
759 4183 887 4249 ueritatem
896 4182 956 4252 fidei

371 4274 515 4329 christiaure
524 4275 627 4343 propius
638 4275 751 4328 accurit.

206 4384 370 4454 Quicumque
384 4383 463 4454 igitur
475 4383 623 4454 philosophi
634 4382 667 4437 de
681 4383 734 4439 Deo
744 4398 847 4437 summo
857 4393 884 4438 et
894 4397 957 4448 uero

168 4477 219 4540 isla
234 4487 383 4543 senserunt,
399 4475 468 4546 qnod
487 4484 513 4530 et
524 4491 611 4528 rerum
626 4483 772 4529 creatarum
788 4474 823 4530 sit
836 4473 954 4542 effector,

168 4566 309 4624 etlumen
331 4565 589 4637 cognoscendarum,
612 4573 639 4619 et
660 4564 757 4619 bouum
779 4564 954 4634 ugcnrlaruur;

169 4657 240 4726 quod
259 4656 292 4711 ab
316 4656 359 4710 illo
371 4656 447 4710 nobis
460 4657 496 4709 sit
509 4665 535 4710 ct
547 4655 705 4738 principium
721 4664 833 4717 naturae,
848 4665 874 4710 ct
887 4657 956 4710 veri·

170 4759 210 4803 ms
220 4748 359 4814 doctrina,
374 4757 401 4802 et
415 4747 526 4801 [elicitas
543 4747 617 4814 rite;
631 4747 687 4801 sire
700 4745 827 4801 Platonici
850 4763 956 4803 accuru-

170 4839 302 4894 uradatius
313 4838 570 4907 nuncupeumr,sire
584 4836 720 4907 quodlibet
732 4837 802 4891 aliud
815 4848 957 4894 sect-asnaa

167 4945 269 5000 promen
292 4930 443 4999 irnponaot;
465 4935 523 4983 sire
546 4928 727 4990 tautummodo
745 4927 826 4982 ionici
841 4928 955 4996 generis,

169 5024 214 5093 qui
227 5024 252 5077 in
263 5023 302 5078 eis
315 5023 438 5092 precipui
454 5022 569 5085 luerunt,
586 5021 635 5074 ista
648 5021 791 5086 senserint,
805 5021 873 5074 sicut
886 5019 956 5074 idem

170 5115 261 5179 Plaur,
282 5122 309 5167 et
330 5113 374 5182 qui
399 5128 457 5166 eum
482 5112 548 5166 bene
569 5111 779 5174 intellexerunt;
801 5112 857 5165 sire
876 5111 955 5165 etiam

170 5205 263 5277 italici,
286 5216 393 5273 propter
422 5203 595 5274 Pythagoram
616 5210 643 5256 et
661 5200 861 5273 Pythagoreos,
885 5210 912 5256 ct
933 5201 956 5256 si

169 5297 213 5365 qui
231 5293 301 5353 ione
314 5296 356 5347 alii
369 5295 486 5363 ejusrlero
501 5293 639 5348 sententie
664 5292 807 5348 identidem
830 5293 956 5356 luerunt;

170 5389 227 5441 sire
239 5386 350 5440 aliarum
363 5398 469 5454 quoque
481 5382 659 5453 gentium,qui
673 5382 805 5452 sapientes
816 5382 857 5437 tel
869 5380 955 5451 pbilo-

202 5522 257 5570 ¹ste
267 5526 320 5568 uss.
334 5515 599 5587 succurreremus
609 5514 676 5565 atiud
685 5517 778 5575 muare,
786 5528 832 5580 quo
841 5523 902 5568 esser
912 5515 957 5567 hoe

167 5592 243 5645 gemus
254 5579 338 5630 haman
347 5580 420 5636 banaa,
435 5585 483 5626 etc.

202 5644 213 5673 ¹
229 5642 297 5701 editi,
309 5640 341 5690 ad
360 5640 414 5690 illas
426 5635 593 5688 sumlitudiaes
611 5637 758 5700 alsamdmn
769 5642 812 5692 est.
823 5637 957 5690 mendan-

168 5710 211 5768 μιι·
223 5716 254 5752 ex
267 5703 442 5763 nunuseriptb'.

198 5764 239 5839 pa)
250 5763 307 5813 tide
317 5765 388 5816 lmra.
399 5761 441 5812 lib.
453 5759 490 5820 tu,
499 5771 552 5821 erp.
561 5757 585 5808 2.

308 5845 420 5920 ¹Sarcr·
446 5847 582 5906 hueusr.
600 5841 667 5919 l'll.
713 5852 715 5856 ⁴

824 312 926 370 ubtsn
945 314 1115 373 uerutus

1735 313 1788 375 set

1000 430 1078 498 soplri
1098 427 1179 484 habiti
1203 435 1275 495 sunt,
1293 428 1417 485 Atlantici
1439 428 1548 502 1111))ἰ1ι
1567 427 1696 502 AEgyptii,
1721 429 1789 495 lodi,

1000 517 1099 586 Persae,
1111 518 1237 586 Chaldaei,
1247 519 1363 591 Scytha,
1378 520 1454 584 catti,
1478 520 1587 590 llispani
1602 520 1699 590 aliique
1713 533 1791 589 repe·

1000 611 1114 676 riunurr,
1137 610 1182 681 qui
1203 611 1253 665 hoc
1277 611 1393 666 uiderint
1406 627 1437 665 ae
1455 611 1606 676 docuerint,
1630 625 1678 666 ees
1696 626 1793 667 omnes

1000 700 1106 754 ceteris
1128 701 1331 771 anteponimus,
1354 716 1453 772 eosque
1480 702 1557 757 nabis
1588 701 1792 772 propinquiores

1001 788 1125 844 latemur.

1000 899 1113 957 CAPUT
1132 899 1166 957 X.
1179 931 1216 942 —
1229 901 1291 968 Qua
1314 902 1347 956 sit
1361 902 1426 959 iuter
1440 901 1625 974 philosophicas
1644 912 1711 957 artcr
1732 901 1793 956 reli-

1211 992 1274 1064 qiari
1292 992 1436 1066 excellentia
1448 993 1587 1047 christiani.

1038 1103 1064 1157 l.
1083 1103 1209 1170 Quamvis
1223 1105 1293 1160 enim
1308 1105 1387 1160 lremo
1401 1106 1560 1160 christianus
1581 1107 1676 1163 litteris
1690 1119 1792 1165 tantum

1004 1193 1190 1249 ecelesiasticis
1221 1195 1355 1263 eruditus,
1384 1196 1581 1251 Platonicorum
1605 1197 1673 1253 torte
1696 1214 1794 1256 nomen

1003 1284 1117 1354 ignoret,
1132 1301 1180 1340 nec
1195 1295 1282 1341 utrum
1302 1287 1355 1343 duo
1366 1303 1464 1360 genera
1478 1288 1694 1358 pbilosophorum
1708 1292 1793 1347 exsti·

1004 1377 1085 1432 terina
1098 1377 1217 1448 ingraeca
1234 1379 1332 1450 lingua,
1343 1379 1488 1435 lonicorum
1504 1391 1531 1435 et
1541 1379 1699 1449 italicorum,
1713 1383 1794 1450 sciam

1004 1484 1058 1522 non
1073 1478 1159 1524 tamen
1172 1471 1206 1524 ita
1222 1472 1319 1526 surdus
1333 1480 1373 1527 est
1385 1472 1412 1525 in
1425 1472 1503 1528 rebus
1516 1472 1648 1540 humanis,
1659 1475 1797 1530 utneseiat

1004 1559 1175 1631 philosophos
1189 1563 1230 1618 rel
1245 1563 1359 1618 studium
1374 1565 1520 1634 sapientiae,
1534 1567 1576 1621 vel
1593 1568 1675 1636 ipsam
1691 1570 1798 1638 sapien·

1005 1651 1067 1705 tiam
1083 1651 1210 1721 profiteri.
1229 1653 1309 1708 Caret
1328 1669 1374 1709 eos
1388 1663 1494 1720 mmcn,
1508 1658 1551 1727 qui
1571 1658 1717 1712 secundum
1738 1658 1796 1715 ele·

1005 1754 1093 1799 menta
1108 1745 1185 1814 huius
1206 1747 1295 1801 mundi
1317 1747 1550 1817 philosophantur,
1572 1765 1626 1804 non
1646 1751 1794 1807 secundnm

1005 1835 1100 1902 Deum,
1120 1852 1134 1889 a
1158 1853 1210 1907 quo
1234 1842 1290 1907 ipse
1311 1837 1395 1894 lactus
1419 1848 1460 1893 est
1483 1840 1606 1894 mundns.
1629 1843 1797 1898 Admonetur

1004 1927 1075 1981 enim
1099 1937 1230 1999 praecepto
1255 1930 1410 1999 apostolico,
1440 1932 1605 2002 lirleliterque
1629 1934 1703 1987 audit
1724 1935 1796 2003 quad

1006 2019 1181 2075 dictumest:
1198 2021 1286 2076 Cavete
1305 2039 1336 2076 ne
1349 2025 1404 2090 quir
1423 2039 1465 2078 aar
1487 2024 1594 2094 decipiat
1614 2043 1659 2095 per
1679 2028 1795 2092 pbiloso-

1005 2110 1092 2181 plriam
1115 2120 1138 2163 et
1165 2112 1265 2165 inanem
1288 2113 1475 2178 reductionem,
1503 2116 1638 2170 secundum
1671 2119 1795 2173 clementa

1005 2201 1093 2253 murrii
1114 2199 1222 2269 (Goion.
1239 2219 1266 2267 u,
1280 2203 1318 2274 8).
1332 2204 1432 2258 Deimte
1446 2221 1479 2259 ne
1493 2220 1586 2261 atrones
1599 2208 1665 2262 uoles
1676 2223 1736 2264 esse
1749 2224 1795 2264 ar·

1006 2291 1127 2359 bitrelnr,
1143 2293 1217 2346 audit
1230 2293 1367 2350 abeodem
1382 2296 1502 2363 apostolo
1517 2296 1567 2351 diei
1580 2297 1614 2352 de
1625 2298 1794 2367 quibusdam,

1008 2381 1074 2448 Quia
1095 2383 1162 2449 quad
1187 2394 1273 2437 natum
1295 2394 1330 2439 est
1352 2383 1410 2450 Dei,
1427 2387 1588 2457 manifestum
1611 2398 1647 2442 ert
1668 2390 1694 2442 r'n
1720 2391 1797 2445 illis:

1006 2471 1074 2526 Dcaa
1094 2474 1158 2526 euim
1180 2474 1232 2528 itta
1253 2476 1430 2540 manifestarit.
1445 2475 1587 2532 inuisibilia
1610 2481 1677 2535 enirn
1694 2482 1797 2552 ejur,a

1006 2564 1179 2617 constitutione
1199 2566 1303 2628 arandi,
1319 2584 1363 2636 per
1377 2583 1406 2620 ea
1418 2583 1474 2636 qam
1492 2571 1559 2638 sacta
1581 2579 1653 2635 sunt,
1668 2569 1796 2627 intellecta

1006 2656 1209 2724 conspiciuntur,·
1223 2658 1373 2726 sempiterna
1385 2675 1482 2731 qaroqae
1496 2660 1572 2712 uirtus
1590 2661 1644 2729 ejus
1658 2670 1681 2715 et
1700 2661 1793 2717 diuini·

1007 2757 1045 2799 tar
1056 2746 1142 2815 (Rana.
1159 2762 1177 2808 ι,
1195 2746 1238 2812 tu,
1253 2748 1308 2816 20).
1325 2747 1358 2802 Ει
1378 2749 1420 2801 ubi
1443 2749 1649 2805 Atheniensibus
1672 2751 1794 2821 loquens,

1006 2851 1067 2892 eum
1085 2853 1141 2891 rem
1155 2853 1275 2907 magnam
1295 2838 1329 2893 de
1347 2839 1401 2893 Deo
1422 2839 1551 2903 dixisset,
1566 2849 1593 2895 ct
1605 2856 1692 2912 quasa
1707 2844 1798 2912 paneis

1007 2930 1090 2997 possit
1110 2928 1238 2996 intelligi,
1264 2927 1332 2997 quod
1353 2929 1380 2981 iu
1402 2929 1447 2981 illa
1475 2930 1596 2994 viriumr,
1625 2947 1753 2985 urerentur
1773 2943 1798 2986 ιι

1006 3037 1109 3086 raurur;
1131 3019 1227 3087 adjecit
1241 3027 1268 3073 ct
1280 3020 1326 3084 ait,
1344 3020 1416 3073 Sicut
1429 3029 1451 3072 et
1466 3021 1541 3073 aratri
1558 3021 1661 3091 quidam
1680 3024 1797 3079 dixeram

1010 3109 1077 3180 (Act.
1090 3125 1155 3172 run,
1171 3109 1229 3178 18).
1244 3109 1322 3163 Novit
1335 3123 1399 3164 saue
1412 3109 1490 3163 etiam
1505 3109 1587 3178 ipsos,
1601 3112 1626 3165 in
1640 3113 1736 3180 quibus
1749 3128 1796 3169 cr·

1008 3208 1082 3265 rant,
1094 3215 1198 3254 carere.
1217 3199 1264 3254 llbi
1285 3201 1356 3254 enirn
1376 3200 1474 3254 dictum
1489 3209 1529 3254 est
1544 3201 1613 3270 quod
1627 3217 1675 3272 per
1692 3218 1723 3257 ea
1737 3218 1796 3274 quse

1008 3289 1244 3356 recusaremus
1263 3291 1316 3347 illis
1334 3290 1512 3345 manifestarit
1533 3292 1667 3347 intellectu
1689 3294 1798 3366 conspi-

1008 3382 1099 3439 cienda
1115 3383 1255 3438 invisibilia
1267 3399 1313 3438 sua
1326 3399 1334 3450 ;
1349 3383 1384 3437 ibi
1395 3384 1475 3437 etiam
1489 3384 1588 3439 dietum
1608 3393 1658 3446 est,
1673 3402 1726 3442 non
1737 3387 1798 3444 illos

1009 3474 1093 3544 ipsum
1109 3473 1190 3528 Mum
1204 3482 1276 3529 recte
1288 3473 1411 3537 coluisse,
1426 3474 1486 3543 quia
1506 3484 1533 3529 et
1551 3475 1609 3529 aliis
1630 3477 1726 3542 rebus,
1740 3478 1799 3548 qui·

1008 3565 1057 3619 bus
1070 3579 1122 3618 non
1146 3562 1295 3631 oportebat,
1310 3563 1418 3617 divinos
1440 3563 1556 3620 honores
1576 3566 1613 3619 illi
1627 3566 1671 3619 uni
1694 3576 1797 3624 tantum

1007 3659 1111 3713 debitos
1124 3657 1277 3712 detulerunt
1290 3675 1297 3710 :
1314 3657 1440 3723 Quoniam
1452 3668 1627 3728 cognoscenter
1642 3657 1732 3724 Deum,
1745 3658 1797 3715 nair

1007 3752 1071 3804 sicut
1088 3749 1172 3805 Deum
1190 3749 1411 3820 glorificaverant,
1433 3760 1477 3802 aut
1498 3750 1593 3819 gratior
1615 3763 1736 3820 ugernum
1751 3751 1797 3805 sed

1008 3849 1159 3897 eurraucrunt
1170 3840 1197 3895 ia
1214 3839 1404 3908 cogitationibus
1417 3839 1479 3906 ruis,
1492 3850 1515 3896 et
1529 3841 1687 3893 obscuratum
1699 3850 1736 3895 ert
1755 3843 1798 3896 in·

1007 3933 1101 4002 siricus
1126 3948 1169 3986 cor
1190 3945 1286 3986 carum.
1311 3925 1430 3988 dicenter
1458 3931 1523 3983 caim
1550 3945 1577 3983 re
1600 3946 1652 3984 esre
1670 3932 1796 4002 rapientes

1007 4022 1078 4086 stulti
1091 4022 1153 4091 [acti
1165 4030 1234 4084 aaut,
1247 4031 1271 4077 et
1282 4021 1476 4076 immutaverunt
1490 4018 1598 4089 gloriam
1618 4019 1798 4089 incorruptili-

1007 4111 1040 4182 lir
1053 4111 1100 4164 Dei
1110 4112 1136 4164 in
1150 4111 1340 4165 similitudinem
1356 4109 1473 4181 inmginir
1490 4109 1661 4179 corruptibilis
1675 4110 1806 4177 hominis,

1007 4213 1031 4256 et
1045 4204 1183 4265 uolucrum,
1201 4213 1225 4256 ct
1239 4202 1448 4272 quadrupedum,
1462 4210 1485 4255 et
1499 4203 1650 4272 serpentium
1664 4202 1753 4273 (Rom.
1769 4219 1798 4274 t,

1007 4294 1111 4365 21-25).
1127 4294 1177 4350 ttbt
1200 4302 1227 4349 et
1246 4294 1398 4360 Rontaues,
1412 4302 1440 4348 ct
1459 4292 1586 4358 Graecas,
1601 4302 1628 4350 et
1641 4293 1797 4366 AEgyptios‚

1007 4387 1052 4456 qui
1066 4386 1246 4455 desipientiae
1259 4385 1367 4441 nomine
1386 4385 1491 4454 gloriati
1512 4395 1583 4450 sunt,
1598 4386 1661 4441 lecit
1675 4386 1797 4459 intelligi.

1008 4477 1061 4532 Sed
1074 4477 1107 4532 de
1124 4475 1176 4531 hoe
1199 4490 1259 4530 cum
1281 4475 1337 4528 istis
1356 4475 1524 4545 postmodum
1544 4475 1748 4545 disputabimus.
1765 4477 1797 4533 lrt

1012 4584 1065 4639 quo
1079 4577 1166 4622 antem
1180 4566 1256 4622 nobis
1269 4566 1438 4623 consentiunt
1450 4566 1485 4621 de
1503 4582 1556 4621 uno
1577 4567 1633 4622 Deo
1645 4567 1723 4635 hujus
1736 4566 1797 4621 uni·

1008 4660 1141 4713 versitatis
1154 4667 1277 4722 auctore,
1290 4659 1336 4728 qui
1355 4672 1408 4711 uon
1427 4657 1514 4711 solum
1534 4673 1614 4725 super
1635 4657 1723 4710 omnia
1737 4671 1798 4711 cor·

1009 4765 1072 4819 pora
1086 4758 1126 4804 est
1136 4751 1325 4818 incorporeus,
1339 4764 1430 4803 rerum
1446 4749 1524 4802 etiarn
1537 4764 1616 4817 supcr
1631 4763 1723 4802 omncs
1738 4749 1797 4803 ani-

1009 4855 1066 4894 mas
1095 4838 1322 4909 incorruptibilis,
1348 4838 1505 4908 principium
1537 4847 1675 4902 nostrum,
1707 4837 1797 4893 lrrmen

1009 4940 1144 4993 nostrum,
1160 4929 1258 4983 bonum
1278 4936 1412 4991 nostrum,
1427 4928 1453 4980 in
1468 4925 1519 4981 bac
1531 4942 1578 4981 eos
1601 4926 1705 4981 cacteris
1719 4936 1797 4982 ante·

1010 5022 1141 5090 ponimus.

1044 5111 1071 5164 ⁶2.
1092 5109 1150 5182 [1.]
1165 5109 1228 5174 Nec,
1254 5108 1276 5163 si
1295 5108 1397 5162 litteras
1418 5121 1511 5161 corum
1537 5106 1697 5162 christianus
1721 5108 1799 5179 igno-

1010 5218 1082 5267 rans,
1097 5203 1185 5256 verbis
1206 5215 1266 5269 quae
1281 5215 1333 5252 non
1348 5199 1439 5253 didicit
1452 5197 1477 5251 iu
1491 5197 1669 5266 disputatione
1678 5213 1731 5253 nen
1747 5200 1807 5255 uli·

1010 5304 1064 5360 tur,
1090 5304 1117 5347 ut
1138 5292 1179 5346 uel
1203 5292 1348 5346 naturalem
1371 5290 1466 5356 latiare,
1488 5289 1531 5343 rel
1553 5290 1688 5360 physicam
1711 5305 1801 5360 graeoe

1042 5514 1051 5545 ¹
1069 5512 1180 5573 uterique
1191 5509 1353 5570 uanuseripti,
1367 5508 1457 5573 libyes.
1469 5509 1538 5559 rauel
1549 5521 1603 5559 arm
1617 5508 1695 5565 editis.
1710 5505 1798 5572 tripu.

1010 5582 1057 5624 ttos
1069 5573 1216 5621 leonardum
1230 5579 1358 5634 toquaeum
1375 5571 1452 5620 secuti
1473 5572 1571 5620 minime
1588 5571 1757 5619 distinmimus
1767 5570 1800 5618 ab

1011 5636 1140 5690 autenticis,
1153 5632 1267 5696 quasillo
1283 5633 1395 5682 ‹riserrat
1405 5632 1594 5696 dietostqbicos,
1605 5607 1677 5702 quid:
1690 5639 1717 5703 ut
1727 5637 1799 5703 taer3

1011 5699 1060 5746 tius
1078 5694 1157 5751 uadit,
1176 5695 1273 5745 uolricus
1284 5693 1358 5742 inisse
1370 5691 1433 5742 urias
1450 5707 1495 5742 rex
1518 5692 1559 5743 ille
1579 5700 1736 5750 uauruamac,
1755 5702 1799 5754 qup

1011 5770 1108 5808 uersum
1119 5754 1184 5820 solis,
1192 5745 1262 5806 lune
1277 5768 1304 5804 ac
1314 5754 1421 5806 suerum
1431 5757 1521 5818 rrimus
1531 5755 1691 5814 investigasse
1702 5754 1798 5826 dicitur.

1550 5837 1679 5919 (tran.)
