3900 6390
92 283 143 339 tet

96 400 203 452 erudiunt
219 401 328 456 verbum
342 403 416 472 ejus,
433 414 460 459 ει
473 407 586 461 credunt
598 409 623 463 ei
640 409 683 479 qrri
700 411 772 463 nrisit
792 409 876 466 ilium.

96 491 206 547 bll‘UT
228 493 270 547 l'l.
292 524 328 535 -
351 496 414 560 Qum
433 499 466 552 sit
485 500 567 568 primu
585 502 749 564 resurrectio,
769 516 826 571 que
839 517 880 556 sc-

440 587 535 644 cunda.

135 675 161 729 l.
183 675 282 730 Deinde
303 676 429 748 adjungit,
454 689 481 735 ct
504 680 594 736 dicit:
616 681 711 743 Amen,
728 696 802 735 emen
825 681 881 735 dieo

102 768 166 822 tobis
180 769 238 838 quia
251 770 316 822 uenit
329 769 401 836 liora,
426 781 449 826 et
461 789 527 826 nunc
539 782 593 838 est,
614 773 715 843 uuanda
728 772 820 827 mortui
833 789 882 826 us·

103 859 167 912 irent
180 875 262 914 rocem
280 859 343 915 Fun·
357 861 425 926 llei,·
446 876 467 917 et
482 864 525 934 qui
539 864 673 929 audierint,
696 865 785 918 uiuent.
809 863 884 919 Sicut

99 950 165 1005 eninr
177 947 255 1005 Peter
268 951 340 1005 debet
354 954 429 1006 uitem
441 955 467 1007 in
481 955 630 1024 serrretipso,
645 956 681 1008 sic
695 955 763 1010 dedit
777 963 800 1009 et
813 954 884 1010 Filio

102 1040 189 1095 iubere
198 1043 272 1096 uitam
280 1044 306 1097 in
313 1044 537 1117 muretipsolleun.
552 1044 884 1119 cemmeticensium

101 1133 216 1186 secunda
236 1141 446 1201 resurrectione,
475 1137 500 1190 id
521 1146 561 1192 est
582 1152 733 1208 corporum,
756 1137 883 1207 loquitur,

101 1237 161 1291 urire
174 1224 199 1277 in
212 1225 263 1282 line
277 1225 362 1281 lutura
376 1238 436 1294 est,
452 1229 497 1283 sed
512 1228 546 1284 de
559 1229 658 1299 prima,
677 1246 735 1301 que
748 1245 817 1285 nurse
832 1238 883 1284 εει.

102 1314 175 1370 llanc
188 1318 284 1389 quiippe
298 1329 325 1373 ut
337 1320 528 1392 distingueret,
541 1323 591 1388 ait,
607 1321 680 1377 Venit
700 1324 773 1390 bere,
786 1335 809 1377 et
820 1340 886 1379 nurse

102 1417 148 1462 cst.
170 1408 227 1485 Non
245 1421 334 1466 autem
357 1415 406 1467 ista
421 1428 579 1483 corporum,
595 1414 642 1469 sed
665 1415 812 1470 arrimarnm
834 1425 884 1471 εει.

104 1498 206 1554 liabent
219 1502 289 1556 enim
309 1512 337 1557 ει
355 1504 450 1558 anintae
474 1515 586 1560 mortem
609 1522 682 1560 stram
703 1507 728 1560 in
751 1507 887 1577 impietate

103 1601 183 1660 atque
210 1595 324 1659 peccatis
349 1612 355 1649 :
378 1596 522 1650 secundum
550 1611 627 1667 qnam
652 1608 765 1651 nantem
789 1596 887 1652 mortni

103 1693 175 1747 snm,
187 1683 220 1738 de
233 1684 329 1753 quibus
342 1687 410 1741 idem
424 1688 549 1743 Dominus
559 1689 605 1755 ait,
619 1690 681 1744 Siue
692 1705 803 1747 mortuos
815 1707 888 1760 sepe·

104 1775 151 1828 lire
171 1786 281 1831 mortuos
305 1795 362 1832 siros
383 1777 496 1849 (llettlr.
510 1797 573 1847 vm,
591 1781 626 1835 Ωιι
638 1783 666 1852 );
689 1793 716 1836 ut
736 1783 838 1838 scilicet
860 1782 887 1836 in

105 1866 191 1919 arrian
208 1869 315 1934 mortni,
339 1869 364 1922 in
383 1885 496 1940 corpore
518 1882 636 1928 mortuos
654 1873 806 1942 sepelirent.
821 1873 889 1929 Pro·

105 1963 165 2024 pter
179 1957 244 2012 istos
258 1974 321 2030 crgo
336 1959 471 2030 impietate
486 1972 513 2017 ct
527 1964 664 2034 iniquitate
679 1965 704 2018 in
717 1966 804 2018 anima
817 1980 889 2021 mor-

106 2055 176 2111 tuos,
191 2040 272 2113 Venit,
294 2051 388 2119 lnquit,
403 2053 482 2120 liora,
496 2063 519 2107 ει
536 2072 602 2108 nunc
616 2067 669 2119 est,
685 2059 785 2126 quando
797 2056 890 2111 mortui

105 2140 207 2193 audimt
219 2156 302 2195 vocem
315 2142 377 2197 Filii
390 2144 438 2198 Dei
447 2159 458 2210 ,·
476 2155 499 2199 ει
518 2147 560 2216 qui
579 2147 718 2213 audierim,
733 2148 824 2203 uiuent.
840 2148 890 2214 Qui

106 2231 232 2286 audierint
252 2233 328 2303 dixit,
351 2237 395 2306 qui
418 2238 581 2307 obedierint,
602 2243 644 2309 qui
668 2240 841 2310 crediderint,
863 2249 891 2298 ει

107 2327 230 2395 usquein
253 2329 331 2383 lrrrem
347 2333 585 2398 perseveraverint.
600 2333 653 2388 Nec
667 2334 728 2388 lecit
748 2335 791 2389 nic
809 2334 890 2390 ullam

107 2415 283 2473 dilirremiam
309 2422 438 2476 bonorum
459 2431 487 2478 et
508 2424 648 2479 malorum.
672 2425 800 2482 Omnibus
818 2428 890 2482 enirn

107 2506 206 2561 botrum
220 2521 260 2564 est
274 2510 368 2566 audire
382 2527 475 2566 vocem
489 2513 564 2583 ejus,
586 2524 612 2569 et
626 2515 733 2582 virere,
755 2517 789 2570 ad
810 2516 891 2572 vitam

108 2597 214 2666 pictatis
235 2616 267 2653 ει
293 2601 435 2670 impietatis
459 2615 545 2659 morte
567 2606 728 2661 transeundo
739 2607 759 2659 ¹.
783 2607 890 2678 Deoua

108 2700 195 2746 ιιιοειε
206 2693 243 2747 ait
256 2695 390 2762 apostolus
403 2695 516 2764 Paulus,
529 2695 597 2768 Erpa
617 2715 702 2753 earnes
717 2700 889 2768 manuisum,

104 2792 132 2838 ,ει
147 2799 192 2849 pro
205 2785 318 2837 orrrnilms
340 2797 452 2841 nrortuus
466 2790 535 2855 ειν,
553 2798 579 2842 ut
598 2789 641 2860 qui
662 2790 757 2857 nisum,
769 2807 823 2860 pom
841 2807 892 2846 non

108 2871 156 2926 sibi
167 2874 266 2936 ,eitam
280 2875 324 2929 sed
336 2875 359 2929 ei
371 2879 413 2948 qui
427 2895 473 2946 pro
492 2880 554 2948 ipsis
573 2891 685 2935 nrortuus
697 2890 744 2948 est,
763 2892 787 2935 et
805 2899 891 2938 resur·

109 2964 174 3016 reeit
187 2964 196 3032 (
209 2962 229 3017 ll
243 2963 300 3018 Cor.
316 2981 341 3031 r,
355 2966 399 3029 lt,
416 2968 478 3038 ¹5).
493 2968 592 3024 llnmes
613 2971 702 3040 itaque
713 2971 810 3026 mortui
831 2980 894 3028 sunt

110 3053 137 3106 in
158 3056 283 3123 pereatis,
305 3056 411 3111 nemine
423 3072 532 3126 prorsus
544 3071 656 3130 excepto
668 3102 676 3126 ,
689 3062 745 3117 sire
756 3062 893 3133 originali-

110 3144 171 3210 bus,
185 3145 240 3200 sire
255 3148 334 3201 etiam
348 3147 483 3204 volontate
497 3151 602 3215 additis,
619 3153 660 3207 rel
677 3153 895 3225 ignorantem

110 3235 219 3290 sciendo
238 3252 286 3292 nec
299 3236 420 3293 iaciendo
432 3240 502 3310 quod
515 3241 615 3310 justum
631 3253 672 3297 εει
686 3261 693 3296 :
708 3251 736 3299 et
747 3260 795 3314 pro
807 3245 895 3299 omni·

110 3326 161 3381 bus
175 3329 285 3383 mortuis
298 3331 372 3384 virrrs
386 3342 505 3388 mortuus
525 3344 567 3388 εει
581 3351 664 3400 ιιιιιιε,
679 3335 704 3392 id
718 3345 778 3403 est,
793 3339 896 3394 nullum

112 3417 212 3473 babens
232 3422 341 3473 omnino
357 3432 492 3491 peccatum
509 3441 517 3479 s
533 3437 561 3479 ιιι
581 3426 626 3496 uui
650 3442 697 3496 per
711 3429 896 3485 remissionem

112 3520 280 3577 peccatorum
296 3511 398 3579 vivunt,
418 3512 473 3583 jam
487 3529 541 3569 non
555 3515 605 3569 sibi
620 3516 720 3584 uiuant,
743 3518 789 3572 sed
803 3518 828 3572 ei
849 3520 896 3589 qui

111 3615 161 3668 pro
174 3601 297 3656 omnibus
310 3601 320 3633 ⁸
333 3612 452 3659 mortuus
474 3615 513 3659 cst
536 3615 643 3676 propter
666 3616 774 3678 peccata
795 3619 896 3678 nostra,

112 3699 140 3744 et
164 3691 310 3745 resurrexit
333 3701 441 3763 propter
462 3693 679 3763 justilicationem
705 3708 843 3763 nostram;
870 3706 898 3753 ut

113 3782 253 3838 credentes
269 3783 293 3837 in
309 3799 369 3838 eurn
383 3784 429 3855 qui
440 3785 569 3855 justilicat
581 3787 701 3858 impiam,
715 3806 747 3844 ει
760 3789 897 3858 impietate

111 3873 260 3947 justificati,
285 3885 408 3946 tanquam
423 3891 457 3932 ει
480 3887 565 3933 morte
579 3879 718 3947 vivificati,
731 3880 765 3934 ad
785 3882 898 3951 primam

114 3966 418 4039 resurrectionemque
435 3985 505 4024 nunc
520 3978 562 4025 εει
572 3963 593 4036 ⁸,
609 3972 742 4040 pertinere
754 3974 897 4042 possimus.

115 4057 155 4113 dd
168 4057 237 4112 banc
251 4059 321 4113 euim
337 4060 451 4128 primam
464 4077 517 4115 non
532 4063 680 4130 pertinent,
702 4062 752 4116 nisi
772 4063 816 4133 qrri
831 4062 900 4118 beati

114 4159 194 4204 crunt
206 4150 233 4203 in
255 4158 383 4205 :eternum
399 4166 406 4204 ε
420 4150 453 4205 ad
466 4151 609 4206 secundam
624 4168 702 4219 vcro,
717 4152 817 4224 deque
838 4166 899 4209 nm

115 4241 252 4295 locuturus
263 4250 314 4306 εει,
324 4251 351 4295 ει
362 4242 453 4298 beatos
466 4244 599 4312 pertinere
611 4243 727 4309 docebit,
736 4252 764 4300 ει
776 4245 900 4301 miseros.

116 4333 168 4391 lsta
183 4341 224 4388 est
243 4333 449 4402 misericordie,
470 4335 514 4389 illa
531 4334 634 4404 judicii.
656 4336 770 4407 Propter
783 4337 854 4407 quod
874 4338 903 4393 iu

118 4427 223 4481 Psalmo
238 4425 364 4493 scriptum
379 4434 420 4479 est
435 4445 442 4482 :
457 4426 657 4482 Misericordiam
670 4439 693 4483 et
702 4430 829 4500 judicium
843 4447 903 4485 cen·

118 4520 175 4572 tolo
188 4519 242 4582 tibi,
254 4516 363 4570 Domine
377 4516 462 4587 (Paul.
475 4533 500 4578 c.
514 4517 551 4589 l).

153 4611 180 4662 2.
203 4610 239 4663 lie
256 4623 310 4678 qrro
330 4606 430 4678 judicio
451 4618 643 4677 consequenter
663 4610 802 4681 adjunxit,
824 4620 905 4683 alque

119 4701 157 4754 ait
170 4718 177 4754 :
189 4699 222 4753 it't
237 4709 381 4771 potestatem
394 4700 462 4753 dedit
475 4700 498 4753 ei
507 4700 634 4771 judicium
647 4705 740 4771 forme,
751 4704 811 4769 quie
821 4701 906 4759 Filius

120 4792 228 4845 bornims
249 4801 296 4846 est.
319 4790 367 4845 llic
388 4791 513 4857 ostendit,
535 4791 604 4862 quod
627 4793 653 4846 in
673 4807 703 4846 ea
723 4808 804 4849 carne
818 4794 906 4850 reniet

118 4885 296 4955 judicaturus,
311 4885 336 4938 in
350 4899 402 4954 qna
415 4893 522 4938 venerat
534 4882 703 4953 judicandus.
717 4883 757 4938 sd
772 4884 824 4940 boc
835 4885 906 4941 euim

122 4979 169 5046 ait,
181 4979 299 5048 quoniam
310 4975 394 5032 Filius
406 4976 514 5031 bominis
526 4984 572 5030 est.
586 4978 626 5030 Ac
637 4975 733 5032 deinde
747 4975 908 5048 sirbirrngens

156 5171 213 5218 ¹stc
223 5165 290 5216 vind.
310 5175 358 5215 um.
372 5171 398 5215 ει
409 5171 462 5238 ass.
479 5173 507 5217 ιι
516 5172 582 5225 tor..
593 5170 617 5216 et
634 5165 667 5215 ud
683 5163 861 5230 sumptuatis
878 5177 911 5217 ee

122 5245 157 5283 uu
176 5230 183 5242 ‘
196 5228 332 5279 euenere
343 5232 454 5278 tromsre.

178 5291 245 5345 editi,
257 5292 363 5338 mortuus
374 5294 409 5337 est
417 5301 485 5339 rmus.
499 5289 581 5347 abest,
592 5301 662 5346 untes,
674 5299 689 5336 a
699 5289 877 5351 nauseiptts.

156 5357 167 5389 ⁸
179 5360 204 5403 tn
215 5352 324 5415 pluribus
335 5351 503 5413 rmnrrscrlptis
513 5363 559 5399 non
571 5351 684 5409 babetur,
694 5349 863 5413 procursibus.

156 5417 167 5448 ⁸
177 5425 226 5463 sm.
240 5420 266 5463 et
276 5417 323 5469 rr,
334 5422 389 5474 que
399 5423 462 5461 mmc
471 5417 506 5462 est
516 5410 659 5461 minamur.
669 5413 754 5461 caseri
765 5411 819 5460 libri
829 5422 914 5463 mrem

125 5490 195 5537 voce,
207 5474 352 5532 meruerim,
364 5484 419 5536 oue
440 5473 579 5535 esponendl
597 5473 669 5545 budius
687 5471 813 5522 locicausa
835 5472 914 5522 εειιῑιι

127 5548 173 5588 εει.
198 5539 234 5588 sic
250 5533 394 5598 paulopost,
407 5548 432 5583 n.
452 5533 582 5592 zeardem
599 5535 728 5594 editiones,
740 5534 850 5595 etl'ind„
866 5546 915 5597 qud

127 5613 191 5651 urrrrc
203 5596 319 5650 transitur
330 5611 345 5645 ιι
355 5603 431 5646 uerte
441 5596 576 5645 mutuarum
586 5595 620 5643 od
633 5595 706 5644 sumn
726 5596 840 5645 uirtutum
851 5607 860 5645 :
870 5595 912 5644 ubl

128 5670 182 5709 inv.
195 5670 222 5712 es
233 5669 285 5711 uss.
299 5657 388 5709 babent
399 5666 499 5719 arnum,
511 5668 558 5720 nm
569 5666 632 5707 merc
643 5654 758 5708 tinnitor
769 5669 785 5707 u
795 5661 871 5708 nurse
879 5656 912 5707 ed

127 5730 207 5777 mii.

742 295 840 352 elsua
859 293 1051 355 eleusinus

1668 292 1720 352 mu

934 409 1004 464 unde
1017 409 1119 479 agimus
1133 426 1140 465 ε
1155 407 1252 477 Nolite,
1267 410 1361 480 inquit,
1376 407 1461 462 mirari
1477 407 1532 472 lsoc,
1547 408 1607 479 quio
1619 407 1720 462 ueniet*

933 501 1012 566 ltere,
1029 502 1055 553 in
1068 517 1119 571 qiua
1139 517 1225 555 onrnes
1238 503 1281 571 uui
1297 503 1324 555 in
1342 500 1509 553 monumentis
1520 510 1598 566 sunt,
1618 498 1722 554 audient

933 604 1017 643 uocem
1029 591 1084 661 ejus
1096 592 1106 622 ¹
1120 605 1126 652 ;
1141 601 1165 644 et
1180 589 1313 656 precedent
1327 589 1446 660 qui'bona
1461 589 1583 659 fremunt,
1596 590 1623 643 in
1637 605 1723 643 resur·

934 682 1069 735 rectionem
1082 681 1157 745 uite,·
1169 681 1212 752 qui
1226 697 1283 734 acro
1302 681 1369 732 mula
1383 688 1503 751 eperunt,
1523 679 1550 733 in
1561 681 1723 734 resurrectio·

935 790 990 826 nem
1001 773 1093 844 judicii
1109 772 1202 845 (doun.
1217 788 1242 838 ι,
1253 771 1365 844 27-29).
1380 772 1435 828 ltoe
1449 781 1490 828 εει
1504 770 1570 826 illud
1581 770 1722 841 judicium,

935 864 1005 932 quod
1019 863 1097 932 paulo
1112 873 1184 929 ante,
1203 865 1272 917 sient
1285 877 1365 928 nunc,
1382 876 1430 932 pro
1443 859 1612 917 damnatione
1624 875 1719 933 posue·

935 963 993 1019 rat,
1007 954 1116 1017 dicens,
1132 953 1182 1020 Qui
1196 953 1296 1007 nerium
1316 969 1397 1007 meum
1416 952 1498 1016 ondit,
1517 962 1540 1006 et
1554 952 1632 1006 credit
1645 951 1669 1006 ei
1680 951 1724 1022 pet

936 1046 1004 1101 misit
1025 1061 1081 1109 nte,
1097 1045 1169 1098 babet
1190 1045 1266 1097 uitam
1287 1053 1423 1107 ueternum,
1439 1053 1462 1096 ct
1482 1045 1510 1096 iu
1526 1043 1653 1113 judicium
1673 1058 1725 1097 ttott

936 1138 1025 1201 ueniet,
1035 1135 1079 1191 sed
1093 1138 1191 1190 transiit
1203 1154 1219 1190 u
1230 1146 1309 1190 morte
1321 1136 1346 1189 in
1360 1136 1435 1189 ritem
1448 1134 1541 1208 (trid,
1554 1136 1600 1206 ut)
1614 1153 1621 1189 :
1635 1134 1723 1202 idest,

937 1227 1094 1298 pertinendo
1117 1226 1149 1283 ad
1176 1228 1286 1297 primam
1312 1227 1552 1290 resurrectionem,
1578 1240 1629 1296 qna
1655 1239 1725 1282 nune

937 1322 1066 1374 transitur
1086 1333 1101 1373 a
1122 1325 1209 1372 morte
1229 1317 1261 1372 ad
1285 1317 1380 1382 vitam,
1403 1317 1430 1371 in
1451 1316 1648 1371 damnationem
1670 1329 1725 1373 non

938 1412 1038 1476 veniet,
1059 1426 1138 1480 quam
1161 1409 1318 1482 significavit
1338 1409 1516 1478 appellatione
1536 1407 1637 1477 indicii,
1657 1407 1727 1463 sieut

938 1504 1018 1559 etiam
1038 1503 1090 1559 boc
1110 1505 1180 1569 loco,
1202 1503 1246 1557 ubi
1261 1503 1308 1567 ait,
1332 1502 1381 1569 Qui
1402 1518 1459 1556 uero
1477 1501 1545 1555 niele
1564 1509 1677 1571 coeunt,
1699 1499 1727 1554 in

938 1596 1143 1649 resurrectionem
1151 1594 1260 1665 judicii.
1282 1593 1381 1662 idest,
1396 1591 1583 1647 damnationis.
1598 1592 1728 1662 Resurget

939 1703 1003 1758 ergo
1016 1688 1042 1742 in
1058 1689 1153 1757 prima,
1166 1686 1211 1758 qui
1226 1702 1279 1741 non
1294 1685 1352 1740 vult
1361 1686 1387 1741 in
1403 1684 1519 1740 secunda
1531 1683 1728 1738 resurrectione

940 1779 1071 1835 damnari.
1088 1778 1161 1833 Venit
1173 1777 1243 1833 enim
1259 1777 1332 1843 bora,
1345 1787 1368 1831 et
1382 1791 1448 1829 nuuc
1461 1782 1508 1841 est,
1523 1773 1623 1844 quando
1636 1771 1729 1826 mertui

940 1870 1042 1924 audient
1055 1885 1139 1923 rocem
1150 1866 1213 1923 Filii
1227 1867 1274 1923 Dei
1282 1883 1292 1931 ,·
1305 1867 1383 1938 etqui
1396 1864 1532 1929 audierint,
1542 1865 1622 1918 uiuent
1633 1861 1728 1934 (tlte,

940 1960 1013 2032 25),
1028 1960 1053 2015 id
1068 1971 1127 2028 est,
1143 1960 1169 2015 in
1189 1960 1385 2015 damnationem
1407 1973 1459 2013 non
1475 1957 1597 2020 venient,
1613 1971 1673 2027 quse
1684 1970 1728 2012 se-

941 2053 1026 2110 cunda
1040 2068 1112 2108 mors
1133 2052 1230 2107 dicitur
1249 2068 1257 2105 ι
1278 2051 1304 2105 in
1318 2065 1397 2121 quam
1412 2058 1535 2113 mortem,
1558 2056 1618 2117 post
1632 2061 1730 2102 secun·

941 2146 1013 2214 dam,
1024 2161 1083 2217 quae
1094 2159 1235 2215 corporum
1248 2143 1333 2198 lutura
1348 2149 1400 2205 est,
1415 2139 1648 2203 resurrectionem,
1661 2152 1730 2208 prte-

942 2238 1129 2307 cipitabuntur,
1144 2234 1190 2306 qui
1211 2235 1236 2289 in
1258 2233 1353 2304 prima,
1368 2248 1426 2304 qnae
1439 2232 1586 2285 animarum
1602 2237 1661 2296 est,
1675 2242 1729 2282 non

942 2336 1093 2400 resurgunt.
1111 2326 1198 2381 Veniet
1216 2325 1287 2381 errim
1309 2325 1373 2378 lroro
1395 2322 1457 2396 (ubi
1474 2336 1526 2376 non
1549 2322 1602 2386 ait,
1624 2328 1649 2372 et
1662 2333 1729 2372 nunc

942 2431 999 2488 est,·
1021 2419 1082 2490 quia
1103 2419 1130 2473 in
1151 2416 1204 2473 line
1218 2414 1309 2471 saculi
1329 2415 1390 2479 erit,
1413 2412 1464 2467 lroc
1485 2421 1527 2466 est
1548 2411 1574 2464 in
1596 2408 1688 2464 ultimo
1701 2415 1730 2464 ει

943 2511 1059 2566 inaximo
1067 2508 1167 2579 judicio
1180 2507 1249 2579 bei),
1260 2506 1362 2579 quando
1373 2520 1459 2559 onrnes
1472 2503 1515 2573 erui
1526 2502 1553 2556 in
1565 2498 1732 2555 ntoaumentis

943 2614 1011 2671 sunt,
1024 2603 1127 2657 audient
1140 2617 1224 2655 rocem
1235 2602 1302 2671 ejus,
1318 2607 1341 2652 et
1352 2596 1484 2670 procedent
1496 2591 1589 2666 (litt,
1597 2592 1654 2664 28).
1669 2589 1727 2647 Non

944 2698 1010 2752 disit
1022 2693 1244 2768 quemadmodum
1257 2693 1284 2748 in
1298 2692 1392 2763 prima,
1405 2699 1428 2745 et
1440 2689 1483 2760 oui
1492 2688 1627 2752 audierint,
1638 2686 1731 2742 uiuent.

943 2790 1001 2846 Non
1011 2788 1082 2845 enim
1093 2802 1187 2842 omines
1197 2786 1296 2850 virent,
1308 2798 1339 2838 ea
1352 2781 1453 2838 scilicet
1463 2780 1528 2847 rita,
1539 2793 1598 2850 quae
1607 2778 1732 2848 quonism

944 2884 1021 2939 beata
1035 2887 1087 2946 est,
1101 2879 1158 2935 sola
1168 2876 1222 2931 rita
1234 2873 1346 2931 dicenda
1359 2882 1410 2929 εει.
1424 2871 1490 2927 llam
1504 2871 1596 2940 utique
1605 2883 1659 2922 non
1672 2867 1732 2924 siue

944 2973 1130 3044 qualicumque
1144 2969 1196 3023 rita
1212 2973 1322 3037 possent
1340 2964 1450 3027 andire,
1468 2971 1496 3018 ει
1508 2961 1542 3017 de
1554 2957 1734 3016 monumentis

946 3070 1100 3134 resurgente
1112 3075 1192 3116 carne
1203 3057 1360 3130 procedere.
1373 3057 1460 3123 Quare
1471 3064 1559 3109 autem
1574 3068 1626 3109 non
1638 3063 1734 3108 omues

946 3156 1046 3221 rireut,
1057 3153 1084 3207 in
1096 3167 1130 3207 eo
1143 3149 1213 3221 quod
1227 3147 1357 3218 sequitur,
1371 3145 1469 3201 docet:
1485 3143 1535 3210 Qut
1548 3142 1623 3209 bonu,
1636 3139 1733 3212 iuquit,

947 3250 1076 3320 suerunt,
1097 3245 1124 3299 in
1142 3239 1349 3298 resurrectionem
1360 3238 1433 3304 uite,
1448 3235 1475 3290 bi
1490 3241 1553 3289 sunt
1564 3234 1609 3304 qui
1622 3231 1733 3287 vivent:

947 3339 989 3409 qui
1011 3352 1069 3391 uero
1090 3334 1159 3388 melu
1179 3339 1300 3404 eperunt,
1321 3330 1348 3384 in
1368 3327 1575 3383 resurrectionem
1591 3322 1692 3392 iudicii,
1706 3319 1735 3377 lui

948 3436 1010 3483 sunt
1022 3427 1066 3498 qui
1082 3440 1134 3481 non
1147 3423 1254 3488 vitent3
1273 3420 1333 3493 quia
1348 3417 1463 3474 secunda
1477 3424 1563 3470 morte
1576 3415 1733 3470 morientur.

948 3522 1015 3578 llala
1029 3520 1128 3592 quippe
1141 3523 1268 3589 egerunt,
1288 3512 1413 3583 quoniam
1427 3510 1498 3566 male
1509 3509 1632 3563 risemnt
1646 3524 1653 3562 ι
1666 3503 1736 3560 maie

948 3622 1037 3668 autem
1050 3610 1189 3674 riserunt,
1204 3606 1266 3678 quia
1287 3605 1315 3659 in
1335 3603 1436 3673 prima,
1450 3616 1509 3672 quae
1523 3613 1594 3654 nunc
1607 3605 1665 3664 est,
1679 3593 1738 3651 sni-

948 3716 1051 3758 marum
1064 3697 1260 3756 resurrectione
1272 3710 1325 3750 non
1338 3692 1503 3755 reviserunt,
1517 3697 1563 3742 ant
1577 3687 1602 3742 in
1619 3704 1652 3741 eo
1665 3683 1738 3757 quod

949 3793 1111 3857 revixerant,
1122 3804 1174 3845 non
1190 3789 1217 3843 in
1229 3786 1308 3842 imem
1319 3798 1403 3855 nsque
1415 3788 1579 3838 manserunt.
1590 3777 1663 3834 Sicut
1674 3790 1739 3847 ergo

950 3885 1009 3941 dne
1020 3893 1081 3939 sunt
1093 3879 1316 3952 regenerationes,
1327 3875 1467 3946 dequibus
1478 3873 1533 3942 jam
1543 3885 1622 3941 supra
1635 3869 1738 3923 locutus

950 3991 1025 4040 sum,
1039 3989 1091 4030 una
1118 3970 1261 4027 meandum
1275 3967 1372 4033 iidem,
1386 3979 1446 4036 qne
1460 3977 1530 4018 nunc
1545 3962 1574 4015 ln
1587 3975 1634 4030 per
1646 3957 1738 4028 Bapti-

951 4081 1038 4122 smum
1046 4081 1054 4131 ;
1062 4063 1114 4118 alia
1127 4060 1273 4118 securmnm
1285 4069 1475 4125 carnemque
1487 4053 1533 4107 liet
1544 4052 1570 4106 in
1581 4051 1640 4120 ejus
1652 4049 1741 4104 incor-

952 4156 1075 4227 ruptione
1089 4164 1168 4224 atque
1187 4149 1385 4206 inmortalitate
1399 4161 1447 4217 per
1465 4142 1594 4215 judicium
1614 4153 1739 4211 magnum

953 4262 1032 4321 atque
1046 4246 1217 4302 novissimum
1232 4261 1239 4297 ε
1256 4243 1292 4296 ita
1315 4247 1377 4296 sunt
1397 4248 1425 4294 et
1444 4234 1652 4292 resurrectiones
1667 4231 1738 4297 dure,

953 4356 1005 4396 una
1019 4340 1121 4410 prima,
1133 4351 1193 4406 que
1207 4343 1235 4389 et
1247 4347 1319 4388 nunc
1331 4338 1392 4398 εει,
1406 4338 1434 4384 ει
1445 4329 1593 4383 animarum
1607 4332 1665 4392 est,
1679 4337 1740 4394 quet

954 4430 1045 4488 seruire
1062 4442 1116 4484 non
1136 4425 1264 4496 permittit
1282 4424 1309 4478 in
1323 4430 1435 4477 mortem
1448 4418 1610 4483 secundam;
1632 4415 1684 4471 alia
1697 4427 1741 4471 se·

955 4521 1059 4587 cunda,
1072 4536 1131 4591 quse
1146 4532 1217 4573 nunc
1231 4532 1284 4570 non
1297 4523 1356 4582 est,
1371 4513 1419 4569 sed
1434 4513 1460 4567 in
1475 4511 1563 4566 saeculi
1582 4508 1635 4564 lrne
1653 4506 1741 4562 lutura

955 4624 1007 4682 est,
1020 4627 1070 4668 nec
1082 4611 1248 4675 animarum,
1262 4605 1309 4662 sed
1322 4619 1463 4675 corporum
1476 4609 1527 4669 εει,
1543 4615 1602 4671 quae
1616 4613 1664 4668 per
1677 4596 1741 4651 ulti·

956 4724 1029 4764 mum
1052 4704 1181 4776 judicium
1202 4701 1269 4756 alios
1290 4699 1378 4754 mittet
1400 4697 1427 4751 in
1451 4691 1594 4750 secundam
1616 4696 1741 4755 mortem,

958 4799 1024 4854 alios
1036 4797 1064 4852 in
1077 4810 1135 4851 cam
1148 4794 1239 4858 uitam,
1255 4805 1315 4862 que
1330 4803 1383 4844 nou
1398 4786 1479 4842 babet
1497 4789 1620 4838 mortem.

958 4910 1072 4969 CAPUT
1085 4907 1141 4963 llll.
1152 4904 1238 4960 -De
1250 4903 1348 4958 duabus
1360 4896 1582 4956 resurrectionibus
1595 4902 1619 4948 ει
1632 4893 1665 4947 de
1676 4889 1746 4947 milis

995 5002 1068 5056 aunis
1088 4999 1149 5069 quid
1170 4998 1197 5053 in
1216 4992 1368 5065 Apocalypsi
1381 4989 1490 5045 loannis
1510 4987 1632 5058 scriptum
1650 4985 1703 5054 sit,
1721 4990 1747 5040 et

996 5093 1058 5166 qnid
1071 5094 1103 5146 de
1114 5092 1150 5146 eis
1163 5087 1343 5144 rationabiliter
1355 5085 1487 5140 sentietur.

999 5206 1025 5260 l.
1049 5204 1087 5258 lte
1100 5202 1143 5256 his
1162 5199 1265 5257 duabus
1278 5194 1518 5254 resurrectionihus
1539 5191 1610 5251 idem
1630 5191 1748 5250 ioannes

964 5296 1124 5368 erarrgelista
1139 5294 1165 5349 in
1180 5292 1247 5348 libro
1260 5291 1305 5361 qui
1318 5288 1413 5345 dicitur
1423 5286 1606 5359 Apocalypsis,
1621 5299 1653 5342 eo
1666 5282 1747 5339 mods

964 5391 1068 5446 locutus
1089 5395 1141 5450 εει,
1164 5393 1193 5440 ut
1214 5399 1306 5440 earum
1328 5381 1413 5453 prima
1435 5396 1450 5434 a
1473 5378 1630 5452 quibusdam
1651 5375 1749 5434 nosu'u

965 5496 1018 5537 non
1033 5477 1184 5543 intellectu,
1205 5476 1315 5546 insuper
1328 5472 1408 5530 etiam
1431 5471 1459 5527 ln
1479 5469 1607 5543 quasdam
1625 5463 1749 5526 ridiculus

998 5650 1144 5702 1ειειιιιιιιιί
1155 5647 1258 5699 codices
1270 5643 1491 5716 intumuissent.
1538 5650 1565 5693 ιι

998 5716 1055 5766 ¹sic
1067 5725 1125 5764 mss.
1136 5711 1194 5763 aba
1206 5723 1276 5769 ιειε.
1288 5707 1425 5774 resemble
1436 5708 1489 5761 net.
