3900 6390
135 252 188 313 ddi

135 369 272 443 perderet,
287 368 429 426 inveniret.
451 368 543 441 Neque
567 369 637 426 enim
666 368 816 425 mirandum
839 375 891 433 cst,
904 367 929 422 si

135 464 372 534 rariaqnantitatc
384 463 587 519 numerositatis
611 479 742 518 acinorum
762 461 928 532 interposita,

136 571 186 628 per
198 565 252 611 mm
263 555 368 627 longam
381 565 487 611 aetatem
507 557 541 613 ah
560 555 644 612 Adam
663 572 746 627 usque
758 555 791 612 ad
802 556 928 611 dilnrium

135 662 192 704 non
205 647 316 718 aequalis
324 648 428 704 numeri
440 649 627 720 generationes
638 649 729 706 hahuit
743 656 855 719 utraque
867 663 930 719 pro-

137 738 241 810 genies,
256 738 303 793 sed
319 753 365 809 per
376 737 441 794 Gaio
454 750 622 811 septem‚per
636 739 700 796 Seth
710 747 800 795 autem
814 739 925 795 decem:

138 830 269 898 septimus
282 830 416 899 estenim,
445 840 473 886 ut
493 835 548 903 lanu
563 831 629 898 dixi,
643 831 676 885 ah
691 831 775 886 Adam
802 829 929 895 Lamem,

139 920 261 976 decimus
275 917 331 977 Noe
343 929 388 978 :ct
407 920 466 977 idco
480 937 534 977 non
554 935 623 977 unus
638 921 708 976 lilius
721 919 848 986 Lamech,
864 919 932 975 sient

141 1013 286 1068 incaeteris
299 1014 432 1083 superius,
448 1014 494 1070 sed
517 1014 608 1085 piures
632 1013 833 1070 commemorati
847 1019 930 1078 sunt;

142 1103 203 1174 quia
219 1104 349 1160 incertum
361 1113 420 1160 erat
432 1105 492 1176 qnis
505 1105 530 1162 ei
544 1104 638 1161 suisset
663 1112 769 1159 mortuo
791 1114 931 1157 successu-

143 1209 200 1259 rus,
212 1194 234 1249 si
246 1195 372 1265 regnandi
396 1205 500 1267 tempus
517 1197 586 1252 inter
600 1197 684 1267 ipsum
697 1203 724 1250 et
740 1193 867 1250 diluvium
888 1207 932 1248 re·

143 1285 295 1342 mansisset.

180 1377 207 1430 d.
221 1375 274 1431 Sed
290 1391 397 1447 quoquo
421 1377 499 1434 modo
523 1393 553 1435 se
573 1377 678 1441 haheat,
696 1381 752 1432 siue
767 1391 813 1446 per
830 1374 930 1446 primo·

143 1466 259 1537 genitos,
274 1467 331 1524 sire
343 1483 391 1538 per
411 1484 498 1540 reges,
513 1484 547 1524 ex
573 1469 638 1525 Cain
658 1468 857 1540 generationum
865 1467 931 1522 ordo

145 1556 303 1627 decurrens,
317 1558 381 1614 illud
390 1558 453 1615 mihi
462 1560 534 1615 nullo
544 1569 620 1630 paeto
633 1559 932 1630 praetereundumsilcn·

146 1649 312 1719 tiovidetur,
327 1651 398 1722 quod
424 1667 484 1708 cum
507 1651 622 1708 Lamech
648 1652 776 1722 septimus
791 1651 825 1705 ab
848 1650 932 1706 ildam

145 1740 241 1797 inisset
254 1742 389 1810 inventus,
403 1750 442 1797 tot
453 1744 511 1814 ejus
523 1744 691 1799 annumerati
702 1751 765 1798 suot
777 1742 834 1809 lilii,
848 1740 934 1798 donec

147 1834 309 1892 undenarius
318 1850 445 1892 numerus
459 1837 622 1908 impleretur,
637 1851 690 1906 quo
702 1834 934 1906 significaturpec-

146 1930 245 1980 catum.
262 1925 402 1981 nddnnrur
418 1927 490 1983 enim
503 1935 557 1982 tres
567 1927 623 1993 lilii,
638 1935 665 1982 ct
689 1942 741 1981 nna
756 1925 818 1981 lilia.
833 1922 935 1980 Uxores

147 2026 237 2072 autem
252 2018 322 2072 alind
334 2027 445 2089 possunt
465 2019 624 2090 significare,
646 2033 697 2074 nou
716 2018 767 2073 hoc
781 2016 850 2087 quod
865 2030 936 2071 ritune

146 2112 387 2167 commendandum
411 2111 525 2167 uidetur.
539 2111 615 2167 Nunc
627 2112 698 2166 euim
710 2110 744 2165 dc
758 2107 936 2181 gotteratiooi-

149 2203 198 2258 hns
216 2203 348 2274 loquimur
364 2222 370 2257 :
387 2204 439 2258 illae
451 2219 514 2259 uero
537 2202 607 2258 unde
633 2201 687 2257 sint
709 2201 816 2272 genita,
829 2199 936 2255 tacitum

148 2302 200 2349 est.
215 2293 344 2361 Quoniam
357 2308 420 2363 crgo
432 2292 486 2348 Lex
500 2292 610 2347 denario
632 2306 744 2346 numero
767 2290 936 2362 praedicatur,

150 2389 221 2445 unde
234 2398 275 2444 est
298 2387 480 2444 memorabilis
495 2387 539 2443 ille
564 2386 708 2457 Decalogus
722 2402 729 2451 ;
744 2383 862 2455 prolecto
888 2398 939 2437 nn-

150 2495 240 2534 merus
253 2479 424 2544 undenarius,
439 2478 562 2547 quoniam
587 2476 779 2546 transgreditur
789 2473 936 2539 denarium,

151 2571 388 2641 transgressionem
402 2570 477 2640 legis,
491 2585 523 2624 ac
547 2584 594 2638 per
616 2567 667 2623 hoe
681 2577 816 2637 peccatum
836 2562 938 2636 signill-

150 2671 203 2718 cat.
217 2663 334 2717 ilinccst
356 2660 428 2731 quod
451 2661 476 2714 in
494 2658 666 2715 tabernaculo
686 2656 841 2721 testimonii,
868 2654 940 2726 quod

152 2755 245 2809 eratin
261 2753 356 2808 itinere
385 2752 472 2822 populi
490 2751 534 2805 lici
557 2750 628 2805 uelut
649 2749 775 2818 templum
793 2746 941 2802 ambulato-

153 2843 223 2899 rium
238 2845 260 2908 ¹,
283 2843 404 2899 undecim
425 2843 482 2897 uela
508 2841 611 2897 cilicina
636 2840 692 2895 iteri
716 2847 846 2910 praecepta
878 2845 941 2892 sunt

153 2933 261 3005 (Laod.
275 2933 373 3000 axani
387 2936 406 3004 ).
420 2931 448 2986 ln
459 2932 545 2988 cilicio
556 2932 653 3002 quippe
665 2930 814 2986 recordatio
822 2938 863 2985 cst
877 2944 940 2999 pec·

152 3033 283 3092 catorum,
299 3033 408 3096 propter
421 3023 511 3078 hedos
536 3022 569 3077 ad
585 3021 719 3077 sinistram
740 3022 856 3075 l'uturos:
870 3019 941 3090 quod

153 3117 313 3173 confitentes
326 3116 351 3170 in
365 3115 453 3171 cilicio
468 3114 671 3186 prosternimur,
686 3121 810 3182 tanquam
820 3110 941 3166 dicentes

153 3209 224 3280 quod
236 3211 262 3263 in
274 3208 380 3264 Psalmo
393 3210 519 3277 scriptum
532 3216 584 3274 est,
600 3205 632 3260 Et
643 3214 772 3276 peccatam
790 3220 871 3258 areant
883 3212 942 3258 ante

154 3317 194 3356 nra
206 3310 242 3356 est
251 3300 368 3370 seraper(
381 3297 454 3354 Pral.
470 3315 495 3367 x,
507 3299 524 3355 5
539 3298 560 3369 l.
576 3297 719 3368 Progenies
729 3310 794 3367 ergo
811 3311 843 3350 ex
855 3294 940 3349 noan

154 3408 203 3462 per
223 3391 287 3447 Cain
304 3392 472 3448 sceleratum¹
484 3390 633 3446 undenario
645 3403 757 3444 numero
777 3389 877 3455 linitur,
888 3403 941 3458 quo

155 3491 291 3553 peccatum
304 3483 467 3554 signilicatnr
486 3499 493 3535 a
508 3490 534 3538 et
546 3484 602 3552 ipse
613 3495 740 3536 numerus
752 3479 850 3535 semina
865 3480 941 3535 clau·

155 3575 235 3640 ditur,
253 3590 408 3646 aquosexu
434 3576 538 3630 initium
565 3574 664 3630 iactum
687 3582 729 3629 εει
750 3575 861 3644 peccati,
894 3589 943 3643 per

156 3667 326 3738 quodomnes
344 3668 482 3723 morimur.
499 3667 673 3722 Commissum
687 3677 728 3722 est
748 3678 857 3736 autem,
874 3677 943 3723 utet

155 3760 385 3829 urriuptascarnis,
397 3776 455 3828 quau
469 3760 572 3829 spiritui
601 3762 748 3824 resisteret,
775 3768 940 3830 sequeretur.

156 3849 221 3904 Nam
236 3860 261 3906 et
274 3852 331 3922 ipsa
344 3852 395 3906 filia
410 3851 525 3906 Lamech
540 3850 639 3906 Noema
666 3852 792 3922 Voluptas
813 3853 941 3922 interpre-

156 3951 237 3996 tatur.
251 3941 302 3996 Per
316 3940 379 3997 Seth
395 3951 482 3996 antem
501 3942 535 3997 ah
547 3942 632 3997 Adam
645 3942 771 4014 usquead
788 3942 844 3998 Noe
857 3942 941 4000 dena-

156 4035 213 4088 rius
227 4034 374 4090 insinnatur
387 4035 662 4105 lagitimnsnumerns.
676 4034 724 4090 Cui
737 4035 793 4091 Noe
806 4045 862 4091 tres
873 4035 942 4106 adji-

154 4125 261 4180 ciuntur
284 4125 350 4180 salii:
375 4125 444 4181 unde
471 4143 522 4180 runo
548 4126 622 4196 lapso
645 4126 699 4181 duo
725 4126 944 4182 herredienntura

156 4226 242 4287 patre,
259 4225 287 4271 ut
301 4227 403 4272 remoto
416 4218 532 4288 reprobo
556 4227 583 4272 et
595 4219 713 4287 probatis
733 4217 793 4272 liliis
805 4217 838 4272 ud
851 4232 943 4273 nume·

157 4327 216 4366 rum
228 4309 325 4365 additis
344 4311 423 4365 etiam
446 4309 624 4365 duodenarius
645 4324 772 4365 numerus
795 4309 941 4374 intimetur,

157 4405 201 4475 qui
216 4414 243 4460 et
257 4404 282 4459 in
303 4403 514 4458 Patriarcharum
529 4413 555 4459 ct
578 4404 604 4458 in
629 4405 817 4474 Apostolorum
832 4418 944 4459 numero

156 4493 267 4564 insignis
280 4503 330 4560 est,
342 4502 450 4563 propter
462 4495 603 4562 septenarii
614 4504 713 4563 partes,
726 4495 836 4550 alteram
846 4509 893 4564 per
902 4495 943 4548 ai-

157 4595 242 4642 teram
260 4585 457 4655 multipiieatas.
472 4584 539 4640 Nam
562 4593 602 4640 ter
627 4586 759 4655 quaterni,
785 4585 826 4639 rel
851 4594 944 4655 quater

156 4678 225 4731 terni
241 4677 327 4746 ipsum
338 4675 446 4730 iaciunt.
465 4675 511 4730 iiis
521 4675 594 4730 itase
606 4675 775 4742 lnbentibus,
787 4675 864 4731 uideo
878 4691 944 4731 con-

157 4767 327 4837 sidcrandum
341 4777 368 4824 et
381 4768 655 4834 commemorandum,
683 4768 733 4823 ista
758 4776 944 4840 utraquepro-

156 4861 259 4930 gcnics,
276 4877 335 4931 qum
358 4860 489 4917 distinctis
507 4862 724 4932 generationibus
747 4863 813 4919 duas
829 4863 945 4921 insinuat

157 4951 288 5019 ciuitates,
304 4967 384 5008 unam
404 4952 607 5024 terrigenarum,
634 4954 744 5009 alteram
770 4964 942 5026 regenerato·

157 5058 228 5109 runa,
244 5043 378 5113 quomodo
388 5054 480 5115 postea
494 5045 533 5100 sic
545 5045 689 5101 commista
703 5044 782 5102 tuerit
792 5056 946 5119 atquecon-

158 5131 227 5200 lnsa,
243 5142 272 5187 nt
285 5134 436 5190 uniuersum
448 5150 533 5206 genus
557 5135 714 5202 humanum,
741 5140 860 5209 exceptis
884 5147 945 5195 octo

160 5227 322 5296 hominihus,
336 5231 424 5301 perire
435 5241 583 5288 mereretur
596 5233 705 5314 diluuio,

605 5322 613 5345 O

158 5383 272 5444 canui
291 5387 362 5442 XXI.
374 5418 409 5428 —
425 5388 481 5456 Qua
503 5390 600 5445 ratione
629 5401 822 5447 cotnmmttoralu
846 5389 944 5455 Enoch,

194 5480 238 5549 qni
252 5480 300 5546 fait
311 5480 381 5547 filias
393 5480 465 5542 Cain,
479 5482 555 5537 totino
579 5483 744 5552 generationis
756 5486 812 5554 eins
821 5500 900 5556 usqne
912 5485 946 5539 ad

194 5570 316 5627 dilaniant
327 5573 360 5626 rit
385 5571 529 5626 cantianam
553 5573 664 5628 namatio
675 5589 685 5638 ,·
697 5584 889 5632 commentorem
901 5593 948 5630 nn·

190 5730 200 5763 ¹
217 5734 244 5781 tn
253 5728 305 5789 reia
316 5727 423 5782 editione
433 5733 499 5791 tor..
509 5725 625 5793 enptnn
636 5727 857 5784 amalacitae
920 5726 932 5798 2
941 5779 958 5791 ,

716 245 818 312 hittun
836 248 1153 318 decimusquartus.

1714 254 1766 314 tet

1020 376 1069 420 tent
1081 365 1161 427 Enoc.
1175 368 1220 436 qui
1231 368 1281 438 fait
1292 367 1361 436 filins
1385 364 1456 432 Setlr,
1471 364 1505 418 ad
1518 365 1665 422 conditionis
1678 354 1769 424 lauma-

1019 473 1059 514 noe
1071 459 1222 530 principiani
1234 460 1266 513 rit
1278 460 1396 514 reditum.

1020 551 1109 605 Primo
1123 561 1211 606 autern
1226 551 1382 607 intuendum
1405 558 1456 617 est,
1475 549 1698 620 quemadmodum
1710 565 1772 607 eum

983 658 1018 698 ex
1032 643 1096 698 Cain
1120 644 1306 715 generationes
1326 651 1555 711 enumerarentur,
1579 657 1774 699 commemora·

984 744 1012 791 to
1024 745 1086 791 autc
1098 746 1210 792 cmteros
1234 744 1354 806 posteros
1367 734 1425 805 ejus
1450 735 1494 789 iilo
1508 735 1536 789 in
1556 733 1630 804 cujus
1657 720 1775 791 nomine·

984 827 1089 882 condita
1104 836 1145 884 est
1158 827 1262 893 ciuitas,
1274 827 1299 881 id
1311 835 1352 883 est
1362 825 1464 892 Enoch,
1477 825 1593 880 contexti
1607 832 1669 880 sunt
1682 823 1774 880 caeteri

985 934 1067 990 usque
1078 920 1112 975 ad
1135 919 1208 973 illum
1235 918 1324 984 hnern,
1340 916 1374 972 dc
1394 932 1446 987 quo
1473 917 1575 971 locutos
1595 928 1670 979 siunt,
1686 912 1773 970 donee

985 1009 1048 1065 iliud
1063 1025 1148 1081 genus
1160 1008 1370 1079 atqneuniuersa
1380 1004 1604 1078 propagodiluuio
1614 1005 1768 1061 deleretur:

983 1118 1045 1159 cum
1065 1118 1129 1158 uero
1156 1102 1225 1157 lulius
1250 1101 1315 1157 Seth
1342 1114 1412 1156 ursus
1438 1108 1660 1154 commemoratus
1681 1096 1775 1153 luisset

984 1196 1067 1263 Enos,
1081 1194 1199 1250 nondum
1224 1208 1307 1264 usqne
1337 1193 1370 1247 ad
1392 1192 1518 1247 diluvium
1538 1190 1634 1245 additis
1660 1189 1774 1252 ceteris,

984 1286 1112 1342 articulus
1120 1285 1227 1356 qnidam
1238 1282 1415 1354 interponitur
1424 1291 1451 1338 et
1472 1280 1577 1347 dicitur,
1594 1279 1643 1334 iiic
1654 1279 1715 1335 liber
1727 1294 1775 1334 na·

985 1379 1085 1433 tinitatir
1099 1379 1237 1442 hominnm,
1251 1392 1300 1447 qna
1310 1377 1350 1429 die
1362 1378 1420 1447 sealt
1436 1373 1502 1429 Dens
1531 1373 1623 1438 auam,
1636 1371 1670 1425 ad
1683 1371 1776 1443 inagi-

984 1488 1041 1528 nem
1052 1471 1167 1545 Pelsecit
1180 1469 1263 1526 illam.
1278 1468 1421 1524 Manatum
1432 1476 1456 1522 et
1470 1468 1589 1538 seminam
1601 1466 1659 1536 fecit
1669 1465 1737 1533 illoc,
1751 1477 1776 1522 et

986 1563 1189 1628 benedicitiilor,
1213 1573 1236 1617 et
1259 1561 1443 1632 cognominavit
1465 1575 1555 1614 nonaen
1581 1571 1668 1612 eornm
1681 1557 1774 1624 Adam,

976 1673 1035 1726 ¹qna
1049 1657 1090 1709 die
1099 1656 1158 1726 feeit
1169 1654 1226 1709 illas
1245 1651 1332 1724 (Gen.
1345 1667 1372 1717 v,
1386 1650 1441 1716 Li
1455 1650 1475 1720 l.
1489 1649 1566 1716 Quod
1587 1649 1651 1703 mihi
1665 1646 1770 1703 ridetur
1839 1712 1842 1719 Α

986 1749 1018 1803 ad
1030 1748 1081 1803 hoo
1093 1746 1289 1817 interpositum,
1300 1753 1329 1799 ut
1349 1744 1412 1798 hino
1424 1756 1516 1797 rursus
1530 1741 1659 1810 inciperet
1671 1737 1777 1808 abipso

987 1841 1072 1897 Adam
1080 1839 1257 1895 dinumeratio
1270 1847 1428 1907 tempomm,
1439 1850 1518 1906 quam
1534 1833 1618 1889 noluit
1630 1831 1718 1887 iacere
1729 1829 1777 1901 qui

989 1934 1046 1987 lime
1058 1931 1164 2001 scripsit
1178 1929 1324 1985 incivitate
1352 1936 1458 1984 terrena
1472 1944 1479 1982 :
1496 1936 1621 1997 tanquam
1636 1939 1696 1980 eam
1706 1922 1777 1979 Deus

989 2026 1270 2088 sieecmmemoraret,
1291 2028 1321 2075 ut
1346 2035 1399 2075 non
1419 2025 1595 2088 computaret.
1617 2014 1670 2072 Sed
1694 2028 1781 2085 quare

991 2118 1052 2172 hine
1062 2115 1163 2171 reditur
1187 2114 1220 2169 ad
1236 2114 1313 2168 istam
1337 2110 1591 2181 recapitulationem,
1605 2114 1779 2177 posteaquam

990 2218 1214 2264 commemoratus
1223 2215 1264 2262 est
1275 2205 1346 2259 lilius
1357 2201 1432 2267 Seth,
1447 2200 1527 2256 homo
1541 2200 1585 2270 qui
1607 2197 1725 2268 sperarit
1737 2196 1779 2251 in·

991 2315 1087 2355 vocare
1102 2314 1198 2354 nomen
1226 2296 1330 2352 homini
1350 2295 1398 2350 [lei
1412 2311 1420 2360 ;
1434 2293 1485 2348 uisi
1507 2291 1570 2362 quia
1587 2290 1625 2346 sic
1640 2286 1781 2360 oportebat

992 2393 1288 2461 istasduasproponcrc
1312 2389 1535 2451 civitates,unam
1559 2398 1607 2454 per
1621 2379 1779 2438 homicidam

992 2485 1122 2557 usquead
1137 2483 1296 2539 homicidam
1309 2499 1317 2548 ;
1328 2496 1389 2537 nam
1410 2488 1438 2535 et
1450 2476 1566 2534 Lamech
1578 2475 1681 2531 duabus
1690 2471 1781 2529 uxori·

993 2577 1043 2633 hns
1056 2578 1111 2632 suis
1124 2591 1153 2632 se
1167 2585 1334 2646 perpetrasse
1357 2570 1528 2627 homicidium
1536 2567 1678 2623 confitetur
1692 2564 1702 2636 l
1714 2561 1778 2619 Gen.
1803 2585 1805 2589 ⁴
1819 2548 1826 2562 ’

995 2686 1030 2736 ru,
1044 2670 1099 2740 25)
1114 2686 1120 2722 :
1133 2669 1243 2723 alteram
1258 2681 1306 2735 per
1320 2679 1381 2719 cum
1400 2662 1445 2732 qni
1470 2659 1587 2731 sperauit
1600 2658 1722 2711 invocaro
1731 2668 1781 2710 no-

993 2777 1054 2817 men
1067 2759 1172 2815 llomini
1188 2758 1259 2813 Dei?
1274 2757 1330 2812 iioc
1348 2765 1389 2810 est
1401 2754 1498 2824 quippe
1517 2753 1543 2806 in
1559 2752 1609 2803 hoc
1623 2744 1722 2803 mundo
1733 2759 1781 2815 pe-

993 2851 1152 2923 regrinantis
1166 2850 1279 2906 ciuitatis
1293 2848 1340 2902 Dei
1354 2855 1439 2901 totum
1449 2853 1528 2912 atque
1542 2853 1676 2897 stummum
1693 2836 1720 2891 in
1730 2835 1781 2891 hac

993 2943 1154 3000 mortalitate
1166 2938 1387 3013 negotium,quod
1401 2952 1448 3008 per
1455 2949 1537 2991 unum
1546 2933 1691 2994 hominem,
1701 2942 1782 3000 quem

993 3052 1060 3092 sane
1070 3034 1151 3091 occisi
1170 3031 1331 3089 resurreetio
1348 3029 1451 3100 genuit,
1464 3022 1706 3081 comrrrendandum
1721 3019 1781 3075 luit.

994 3125 1081 3181 llomo
1095 3124 1193 3195 quippe
1214 3123 1259 3178 ille
1277 3137 1345 3177 unius
1364 3120 1444 3174 totius
1466 3130 1588 3185 supernae
1612 3111 1727 3168 ciuitatis
1740 3117 1783 3165 εει

994 3220 1099 3285 unitas;
1129 3217 1246 3273 nondum
1275 3214 1382 3286 quidem
1406 3212 1548 3281 compieta,
1577 3205 1624 3261 sed
1643 3203 1781 3281 premissa

995 3314 1045 3369 ista
1058 3311 1210 3383 prophetica
1226 3306 1437 3380 praefiguratione
1456 3298 1624 3370 complenda.
1640 3296 1779 3350 Filiuser-

994 3422 1028 3478 go
1040 3405 1116 3471 Cain,
1130 3405 1182 3460 hoe
1205 3411 1246 3458 est
1258 3401 1327 3457 lilius
1340 3393 1537 3470 possessionis(
1551 3392 1637 3461 cuiuis,
1666 3387 1715 3442 nisi
1729 3397 1783 3442 tet·-

995 3497 1112 3568 renni)
1132 3496 1229 3551 haheat
1252 3508 1349 3548 nornen
1371 3492 1397 3545 in
1419 3489 1525 3544 ciuitate
1539 3493 1653 3547 terrena,
1670 3496 1729 3550 quae
1754 3479 1783 3535 in

995 3593 1053 3661 ejus
1068 3590 1176 3644 nonnine
1195 3587 1302 3642 condita
1322 3592 1374 3639 est.
1390 3583 1428 3637 [ιε
1439 3581 1479 3635 his
1494 3588 1535 3634 est
1555 3577 1626 3632 enim
1641 3571 1783 3641 dequibus

995 3692 1117 3738 minutatur
1128 3682 1153 3735 in
1169 3679 1284 3741 Psalmo,
1301 3674 1457 3730 irruocninnt
1477 3671 1578 3725 nentina
1597 3682 1683 3721 eoram
1694 3667 1721 3719 in
1732 3671 1783 3718 ter·

995 3776 1031 3828 ris
1044 3772 1178 3844 iprarantl
1195 3768 1267 3824 Psoi.
1296 3783 1388 3830 xurrtr,
1405 3765 1439 3820 ii
1452 3765 1472 3834 i.
1488 3763 1601 3832 Propter
1612 3756 1682 3828 quod
1697 3753 1784 3825 sequi·

996 3876 1039 3923 tur
1050 3881 1097 3921 eos
1109 3863 1180 3934 quod
1191 3864 1217 3916 in
1242 3862 1294 3915 alio
1317 3859 1422 3913 Psalmo
1449 3854 1576 3924 scriptum
1596 3859 1647 3914 est,
1662 3846 1782 3915 Dandae,

996 3960 1022 4012 in
1034 3958 1132 4012 ciuitate
1146 3965 1189 4007 tna
1205 3952 1340 4023 iratoqinem
1359 3950 1471 4016 ipsoram
1495 3945 1528 3996 nd
1554 3941 1661 3995 nilrilnnt
1685 3938 1783 4009 retllqer

999 4049 1089 4122 (Pral.
1104 4063 1184 4112 xxxta,
1196 4045 1232 4100 ιθ
1244 4044 1264 4114 ).
1281 4041 1363 4096 Filius
1384 4047 1472 4092 autem
1494 4034 1570 4099 Seth,
1587 4034 1637 4086 hoc
1659 4039 1701 4085 est
1714 4028 1784 4084 lilius

995 4138 1211 4200 resurrectionis,
1236 4141 1326 4203 speret
1339 4133 1462 4186 inuocare
1488 4142 1586 4182 nrrnren
1602 4123 1706 4178 ltonrini
1725 4121 1783 4176 lici.

997 4232 1061 4286 Eam
1070 4230 1165 4300 qnippe
1179 4228 1333 4283 societatem
1347 4223 1484 4278 hominum
1496 4220 1646 4289 praefigurat
1659 4227 1720 4284 quas
1740 4213 1780 4267 di·

997 4326 1043 4390 cit,
1055 4319 1110 4393 Ego
1126 4332 1217 4386 atttenr,
1230 4320 1294 4374 aiant
1304 4317 1370 4372 aliua
1393 4314 1525 4387 [ratctiiera
1536 4313 1563 4365 ln
1578 4311 1653 4364 dorato
1668 4307 1714 4362 Dei
1728 4321 1784 4378 tpa-

996 4416 1059 4476 raoi.
1074 4415 1101 4468 in
1113 4412 1284 4468 ntirert'cordia
1294 4408 1343 4463 net
1354 4408 1364 4479 (
1375 4406 1448 4461 Psal.
1463 4422 1498 4469 st,
1511 4404 1545 4459 tu
1559 4403 1578 4473 l.
1596 4402 1682 4455 l'anas
1695 4407 1784 4454 autleni

996 4506 1094 4578 glorias
1107 4504 1200 4559 lamosi
1212 4503 1239 4557 in
1256 4513 1323 4556 terra
1337 4499 1451 4553 trotarinis
1476 4511 1528 4549 non
1537 4493 1654 4563 requirat
1669 4507 1675 4543 :
1690 4487 1785 4543 Beatus

997 4599 1126 4666 eoirnuir,
1149 4598 1221 4662 cuius
1246 4604 1282 4649 ert
1295 4609 1385 4647 norrten
1405 4589 1507 4644 Daritini
1529 4602 1584 4657 spes
1607 4584 1671 4655 eina,
1699 4592 1723 4636 et
1734 4597 1785 4636 non

997 4691 1106 4762 respexit
1137 4690 1164 4743 in
1184 4689 1317 4749 vanitates,
1342 4697 1364 4739 et
1385 4683 1498 4736 insanias
1519 4675 1671 4732 ntendacea¹
1687 4671 1784 4744 (Psoi.

997 4800 1089 4849 xxxix,
1105 4781 1150 4855 5).
1166 4778 1312 4851 Propositis
1331 4779 1419 4846 itaque
1444 4772 1548 4828 duabus
1560 4766 1785 4834 cis·itatihus,nua

998 4876 1024 4931 in
1035 4874 1150 4944 rehnjus
1162 4871 1263 4937 secordi,
1276 4869 1359 4925 altera
1369 4867 1450 4935 inspe
1460 4861 1517 4926 liei,
1531 4870 1654 4930 tanquam
1664 4872 1699 4914 ex
1708 4871 1785 4914 com-

999 4968 1082 5031 muni,
1098 4982 1157 5036 qum
1170 4973 1260 5034 aperta
1271 4970 1313 5018 est
1337 4962 1363 5014 in
1389 4958 1484 5022 Adam,
1506 4954 1587 5024 janum
1614 4951 1785 5006 mortalitatis

998 5053 1122 5124 egressis,
1151 5058 1180 5104 ut
1204 5046 1380 5117 procurrant¹
1396 5052 1423 5099 ct
1442 5048 1585 5096 excurrant
1601 5037 1635 5091 ad
1656 5036 1788 5093 discretos

999 5144 1120 5215 proprios
1134 5139 1278 5197 acdehitos
1295 5139 1372 5202 fines,
1397 5134 1489 5205 incipit
1515 5130 1693 5187 dinumeratio
1717 5137 1787 5185 tem·

1000 5253 1093 5308 porum
1111 5253 1118 5290 :
1134 5234 1159 5288 in
1181 5246 1232 5303 qna
1246 5240 1275 5287 et
1285 5230 1346 5284 aliae
1362 5225 1548 5298 generationes
1562 5222 1732 5294 adjiciuntur,
1746 5219 1804 5275 ia·-

999 5340 1041 5383 cta
1053 5323 1271 5394 recapitulatione
1283 5336 1316 5376 cx
1326 5319 1422 5384 Adam,
1435 5317 1549 5387 cxcujns
1559 5314 1663 5385 origine
1676 5312 1787 5367 danrna·

1001 5431 1037 5485 ta,
1053 5417 1135 5474 uoluti
1145 5423 1234 5471 massa
1249 5427 1300 5469 una
1312 5412 1414 5468 meritm
1435 5407 1598 5466 damnationi
1608 5400 1787 5472 tradita,iecit

1032 5602 1039 5634 ¹
1057 5599 1131 5659 miti,
1144 5595 1265 5660 solennat
1280 5602 1343 5657 uss,
1360 5591 1487 5644 maaca
1499 5603 1508 5642 :
1519 5589 1554 5641 sic
1571 5587 1660 5652 panim
1675 5584 1786 5649 augtsti-

1000 5676 1091 5775 Ηυξἰιι
1099 5727 1152 5773 uss.
1163 5720 1222 5773 emti
1231 5726 1322 5784 autem,
1333 5721 1481 5785 perctarant.
