3900 6390
189 216 242 287 w·
756 214 857 279 enen
877 212 1025 271 uectatus
1042 210 1211 271 mausus.
1272 245 1277 257 ·
1752 215 1819 305 ⁵⁰⁶:

185 348 306 394 mutuato
319 337 412 405 Argu,
427 342 548 395 nortem
559 339 600 389 ost
613 330 714 404 ioseph
738 332 765 386 in
789 330 905 403 Aigypte
917 346 968 384 an·
1020 329 1084 383 teris
1106 328 1317 395 ruaudarcrunt,
1332 329 1424 386 ambos
1446 329 1567 387 hemines
1583 328 1675 396 leuse,
1688 339 1715 387 et
1733 333 1804 401 quod

182 442 278 487 aterum
296 435 404 483 centum
427 436 454 482 et
475 421 668 496 decurtatum.
689 422 796 493 ιλό).
819 422 880 477 Post
892 420 969 490 crrjus
1019 421 1175 476 mortalibus
1199 421 1232 476 ad
1259 421 1334 476 istam
1355 425 1435 477 vitam
1464 422 1630 478 commodius
1655 421 1804 479 ducendam

181 526 295 575 mortem
309 517 423 589 popalus
443 516 490 571 boi
512 514 668 571 mirabiliter
686 528 810 569 crescens
824 513 920 568 nransit
941 512 967 566 ia
1018 510 1147 568 berredeia
1162 512 1243 567 narrlta
1256 514 1425 579 contulerim,
1447 514 1563 569 honores
1578 514 1660 571 abeis
1673 515 1802 570 memisse

180 610 296 682 AEgypto
318 618 424 665 centum
448 607 621 680 quadraginta
641 606 757 677 quinque
776 619 877 669 arrrros,
893 613 967 658 trare·
1018 600 1133 657 diuinos.
1148 601 1265 657 llinerra
1280 618 1344 659 rere
1357 604 1434 674 louge
1447 604 1488 659 his
1500 605 1642 675 antiquior.
1655 604 1720 661 Nam
1737 615 1804 660 tern-

158 729 163 742 ·
180 701 262 771 quiile
275 699 364 769 prius,
376 698 462 753 denec
476 707 641 753 morerentur
664 695 759 766 quibus
777 692 875 763 ioseph
890 704 968 749 notes

181 791 231 844 leit
243 807 250 844 ε
264 789 360 844 deirnlc
371 787 430 856 quia
442 785 784 843 invidebaturincromentis
794 785 861 854 ojus,
874 794 966 838 eraut·

180 888 373 948 rpitesuspeeta,
387 892 525 949 quousque
539 877 600 932 inde
620 877 788 941 liberaretur,
803 875 964 944 persecutio·

181 972 276 1026 aihus¹
288 973 369 1043 (inter
378 985 444 1041 quas
454 980 540 1024 tornea
549 967 675 1023 diuinitus
688 966 825 1022 ieeundata
839 964 965 1033 irruitipli·

180 1067 284 1119 ratione
295 1061 451 1132 crescebat)
464 1071 491 1116 et
504 1062 636 1116 itineribus
647 1058 816 1130 proturbatur
834 1057 963 1110 intulera-

181 1156 241 1209 bilis
253 1153 397 1209 servitutis.
414 1152 441 1207 ln
459 1152 566 1222 Assyria
585 1166 649 1205 rere
668 1160 695 1204 et
709 1148 809 1204 Gracia
830 1162 877 1218 por
896 1146 964 1200 idom

179 1255 284 1312 tempus
299 1259 378 1314 regna
390 1244 483 1300 eadere
497 1241 693 1314 permanebant.

178 1353 290 1411 CAPUT
303 1353 371 1409 vttt.
384 1383 423 1396 -
436 1355 549 1420 Quorum
568 1369 653 1422 regator
673 1360 747 1405 utute
765 1349 865 1420 Negare
889 1359 966 1405 nutet

213 1448 257 1514 sit,
277 1458 301 1502 ct
323 1463 429 1518 quorum
447 1448 551 1500 deorum
574 1444 662 1498 iisdem
685 1443 836 1513 temporibus
856 1441 887 1494 tit
910 1448 966 1494 ortu

213 1538 309 1608 religio.

212 1651 279 1703 Cam
300 1663 364 1719 ergo
382 1658 505 1719 regnaret
517 1648 636 1719 Assyriis
647 1655 757 1716 quartus
781 1643 900 1699 decimes
915 1641 965 1697 sa·

178 1738 271 1810 pirrus,
284 1749 313 1794 et
325 1739 457 1811 Sicyoniis
470 1739 642 1794 duodecimus
649 1735 811 1806 Orthopolis,
823 1733 965 1790 eterianus

176 1831 285 1901 quimus
299 1831 412 1900 Argivis,
437 1840 576 1886 natusest
596 1829 621 1883 in
644 1828 760 1900 AEgppto
780 1825 894 1897 blepses,
917 1837 965 1894 per

176 1936 255 1990 quem
265 1921 378 1990 populns
392 1920 438 1975 Dei
448 1920 481 1975 de
494 1920 623 1975 sortittttc
636 1918 759 1991 AEgyptia
774 1917 899 1972 liberatus
910 1923 962 1979 est,

177 2007 204 2063 ln
218 2024 269 2078 qua
282 2025 342 2065 euin
363 2009 396 2065 ad
415 2008 618 2065 desiderandum
631 2010 671 2063 sui
681 2007 815 2063 Creatoris
837 2004 963 2061 atrxiliam

176 2098 216 2154 sie
229 2099 349 2154 exerceri
362 2100 509 2170 oportebat.
525 2098 705 2170 liegnantihes
722 2097 874 2154 memoratis
894 2098 964 2168 regi

176 2187 226 2244 ltus
253 2189 334 2244 luisse
356 2205 371 2243 a
396 2189 553 2260 quibusdam
573 2187 690 2244 creditur
711 2187 883 2244 Prometheus
904 2186 961 2261 (o);

175 2295 254 2351 quern
277 2290 416 2351 propterea
437 2280 525 2336 lerunt
542 2281 576 2336 dc
601 2282 655 2336 luto
680 2279 808 2336 lormassc
830 2279 961 2347 homines,

175 2371 237 2440 quia
258 2372 393 2441 sapientire
405 2373 617 2442 optirnnsdeoter
630 2371 711 2428 inisse
724 2372 877 2442 perbihetur
891 2389 898 2426 :
913 2386 962 2427 nec

175 2471 264 2518 tarrren
276 2463 424 2520 ostenditur
435 2466 479 2536 qai
494 2465 552 2536 ejas
563 2466 724 2536 temporibus
739 2464 836 2520 luerint
851 2466 958 2535 sapien·

174 2562 225 2609 tes.
239 2554 332 2611 Frater
345 2556 403 2626 ejus
421 2558 497 2612 Atlas
511 2559 520 2589 ¹
534 2573 645 2628 magnus
659 2557 740 2613 luisse
759 2559 906 2629 astrologus
917 2556 960 2611 di·

174 2647 243 2699 citnr
258 2663 265 2699 a
279 2645 350 2702 untle
364 2648 529 2702 occasionem
554 2649 641 2703 labala
657 2648 765 2714 inrotrit,
787 2657 816 2701 ut
829 2663 889 2702 curn
902 2662 959 2702 cna·

173 2737 230 2793 lum
243 2749 348 2808 portare
358 2741 521 2809 contingeret
536 2757 543 2792 :
558 2741 677 2810 quateris
691 2757 767 2795 mons
779 2740 835 2811 ejus
850 2741 959 2795 nornine

172 2838 349 2898 nuncupetur,
370 2831 445 2900 cejtts
458 2829 596 2886 altitudine
618 2832 703 2901 qtutius
717 2834 777 2887 eruli
800 2834 913 2902 portatio
933 2832 958 2886 in

172 2919 324 2988 repletionem
338 2922 406 2991 tulgi
420 2921 524 2977 uertisse
546 2923 673 2976 rideatur.
693 2923 770 2977 liuha
786 2940 891 2992 queque
906 2923 958 2977 alia

172 3025 206 3064 ox
217 3010 268 3065 illis
282 3010 307 3064 in
325 3010 427 3066 Graecia
442 3013 603 3082 temporibus
617 3015 730 3084 ceulingi
742 3013 858 3069 sabulosa
868 3024 957 3084 coe'qte-

171 3110 234 3155 ruttt
247 3119 254 3154 :
269 3100 317 3156 sed
337 3116 420 3172 esque
434 3104 466 3156 ad
480 3107 622 3174 licerepem
644 3121 732 3175 regern
746 3104 957 3174 Atheniensium,

169 3206 223 3262 quo
235 3205 362 3262 regnante
371 3193 463 3248 eadere
478 3195 570 3250 ciuitas
584 3195 662 3250 etiam
677 3197 728 3250 tale
738 3211 833 3251 nonme
845 3199 956 3266 acecpit,

169 3290 197 3338 ct
215 3298 267 3353 quo
281 3295 407 3354 regnante
423 3285 491 3339 lleus
505 3301 551 3356 per
568 3285 674 3358 lieysen
695 3287 785 3341 eduxit
798 3305 830 3342 ex
842 3287 957 3359 AEgppto

169 3375 297 3447 populum
310 3394 397 3444 suurn,
418 3377 493 3433 relati
506 3389 566 3432 surrt
581 3379 606 3432 in
619 3379 729 3433 dcerunt
753 3396 892 3433 rnrrnerunr
907 3381 957 3432 ali·

167 3480 234 3540 quet
247 3472 343 3524 rnortui
366 3486 435 3525 cuca
450 3481 477 3527 et
496 3487 561 3524 earn
576 3470 766 3527 censitotudinc
780 3487 811 3525 ac
830 3473 956 3540 supersti-

168 3566 240 3619 tione
260 3563 423 3620 Graecorarn.
438 3563 466 3618 ln
487 3565 581 3636 quibas
595 3565 679 3619 Criasi
699 3565 769 3636 regis
790 3565 887 3634 eurrjux
899 3564 954 3619 lle·

166 3651 308 3709 iarrtetnice
319 3655 341 3722 ⁸,
353 3666 381 3710 et
396 3648 512 3710 Phorbas
526 3655 593 3709 itlius
602 3671 703 3720 cerunt,
729 3657 772 3726 qui
784 3666 843 3726 past
856 3666 955 3724 patrona

165 3760 213 3800 rex
235 3747 391 3815 Argiaernnr
406 3757 497 3802 sextus
518 3746 576 3811 luit,
601 3757 628 3802 ct
652 3747 755 3818 septimi
772 3747 840 3818 regis
853 3747 956 3816 Triopm

166 3838 236 3894 lilius
249 3838 331 3904 lasus,
346 3851 374 3895 ct
386 3857 432 3895 rex
448 3855 534 3894 troitus
548 3839 698 3904 Sthenelus,
710 3839 765 3894 sire
784 3838 953 3907 stheneleus,

165 3931 221 3986 siue
242 3930 393 3996 Stirenelus,
417 3931 489 3987 uario
503 3932 600 4002 quippe
619 3930 646 3984 in
667 3929 780 3985 dirersis
804 3929 956 3984 aenatoribus

165 4022 308 4076 invenitur.
339 4021 387 4077 llis
413 4011 575 4092 temporibus
599 4021 678 4076 etiam
703 4020 848 4076 Mercurius
874 4019 956 4075 luisse

164 4111 327 4182 perhibetur,
342 4127 424 4182 nepes
437 4113 560 4178 Atlantis,
575 4127 608 4168 ex
628 4111 694 4165 llaia
720 4110 773 4165 dlia
790 4128 797 4166 :
813 4109 882 4180 quod
897 4111 956 4164 rui·

162 4204 279 4274 gutieres
303 4203 383 4258 etiam
408 4203 502 4258 litteras
525 4211 678 4272 personant.
704 4200 845 4256 llultarum
865 4210 954 4256 autern

162 4295 260 4349 artium
276 4296 376 4365 peritus
398 4294 502 4362 claruit,
521 4309 587 4364 quas
613 4304 639 4348 et
654 4292 804 4348 hominibus
826 4292 957 4367 tradiditg

162 4401 216 4457 quo
237 4387 332 4442 nterite
346 4400 405 4440 eum
426 4394 485 4455 pest
505 4395 616 4439 mortem
634 4384 712 4438 deum
728 4398 788 4439 esse
801 4385 953 4452 uoluerunt,

162 4478 219 4534 circ
233 4479 312 4533 etiarn
325 4477 503 4533 crediderunt.
520 4478 654 4532 Posterior
673 4477 753 4533 luisse
768 4479 896 4534 llercules
910 4481 952 4535 di·

162 4569 241 4635 citur,
256 4569 333 4624 adea
356 4580 442 4622 minen
465 4578 584 4637 tempera
608 4569 744 4639 pertinens
767 4571 950 4640 Argiuorum:

162 4663 281 4733 quaeritis
296 4661 413 4715 nonnulli
435 4675 495 4714 cum
511 4659 639 4714 llercurio
654 4660 794 4729 praeierant
815 4672 952 4731 tempore;

161 4769 229 4824 quos
242 4753 295 4808 iarlli
314 4753 447 4808 existima.
462 4753 513 4809 Sed
533 4753 652 4824 quelibet
672 4764 791 4823 tempero
807 4756 862 4808 nati
875 4755 948 4820 sint,

160 4855 265 4902 constat
279 4848 348 4902 inter
361 4846 501 4902 historicos
519 4860 632 4917 grares,
647 4847 691 4916 qui
712 4845 770 4902 huc
784 4847 890 4919 antiqua
906 4849 951 4903 lit·

160 5022 278 5133 metm
301 5022 557 5083 commorationibus
571 5022 669 5082 addunt,
686 5020 951 5086 apttqrbururrinme·

192 5092 384 5195 ..lqumgritffl
393 5088 609 5196 laiiireibst'censtaoter
619 5147 792 5209 scriptumest,
805 5144 896 5196 Aliena.

160 5205 254 5318 matta
263 5213 316 5256 ttss.
327 5214 354 5256 at
366 5208 431 5256 ried
444 5217 495 5257 aaa.
508 5215 555 5268 cr,
568 5207 744 5259 reuerentior.
759 5213 825 5267 ter.
838 5207 951 5258 actuum

192 5367 230 5432 (a)
241 5370 278 5419 sie
288 5369 404 5420 eusebius
415 5370 439 5419 iu
450 5371 572 5428 clamoico.
585 5384 616 5421 ex
627 5369 727 5422 allorum
739 5379 765 5423 et
776 5373 828 5434 ipse
837 5372 951 5434 opinione

160 5428 284 5494 loquens:
301 5431 456 5481 reccaredum
476 5432 639 5496 quermmdant,
652 5449 663 5477 r
684 5434 726 5492 ait,
742 5434 902 5496 repletionem
915 5433 951 5483 lais

163 5494 336 5556 «temporibus
345 5490 390 5542 leit
413 5494 577 5552 nemetiam.
595 5507 669 5557 aqua
689 5496 798 5544 hemines
810 5497 883 5544 thome
894 5506 951 5544 esse

163 5561 391 5605 ‹commemorantz
405 5561 431 5604 et
442 5567 470 5605 re
483 5568 554 5616 rera3
573 5567 627 5605 eum
640 5557 705 5605 enirn
715 5557 813 5668 sapiens
824 5561 899 5614 esset,
913 5556 950 5602 i'e-

163 5616 284 5665 rrltatern
296 5629 379 5665 eorum
388 5623 415 5666 ot
425 5616 521 5665 ninriaur
534 5617 676 5681 imperitiam
691 5617 720 5668 ad
758 5617 913 5668 amenitatem
924 5621 951 5667 ct

163 5679 311 5727 ementiare
325 5676 538 5742 transligeralnt.»

1017 695 1125 764 peribus
1140 696 1250 767 Ogygii¹
1265 695 1298 750 ad
1321 696 1427 763 lacum,
1445 698 1489 767 qui
1503 696 1619 752 Tritonis
1632 696 1737 765 dicitur,
1751 697 1804 752 rir-

1016 785 1095 853 gineli
1106 784 1258 853 apparuisse
1270 784 1352 840 lortur
1363 796 1460 851 utate;
1475 786 1546 842 unde
1564 794 1590 840 ct
1603 786 1721 841 Tritonia
1736 801 1804 841 nen·

1017 885 1110 943 cupata
1134 886 1197 931 est:
1219 876 1365 931 inultorum
1387 891 1451 932 sanc
1480 892 1588 947 operum
1610 877 1762 942 torenton
1776 886 1810 933 et.

1018 974 1090 1018 tanto
1105 964 1247 1034 proclivius
1259 965 1308 1020 dea
1322 966 1432 1034 credita,
1447 977 1547 1038 quiante
1560 968 1649 1023 minus
1663 968 1737 1039 origo
1746 967 1808 1038 ejus

1017 1055 1140 1110 irinoteit.
1163 1057 1238 1125 Quod
1266 1058 1382 1114 enimdo
1404 1059 1490 1130 capite
1511 1059 1584 1114 ioris
1605 1068 1666 1114 nata
1689 1061 1802 1124 canitur,

1017 1146 1102 1212 poetis
1121 1155 1148 1200 ot
1171 1147 1276 1214 tabulis,
1300 1163 1351 1201 non
1376 1146 1495 1203 historiae
1519 1148 1650 1219 rebusque
1664 1150 1746 1219 gestis
1760 1158 1803 1205 cst

1015 1236 1210 1305 applicandum.
1225 1238 1379 1309 Quanquam
1393 1237 1509 1311 Ogygias
1521 1239 1579 1310 ipse
1592 1238 1699 1310 quando
1711 1237 1801 1309 luerit,

1015 1327 1091 1395 cajrrs
1104 1328 1267 1397 temporibus
1276 1329 1355 1383 etiarn
1369 1329 1496 1384 diluvium
1507 1345 1630 1400 magnnrn
1641 1330 1737 1384 lactum
1751 1338 1801 1393 cst,

1016 1433 1068 1472 nen
1083 1417 1146 1472 illud
1160 1420 1301 1473 trraaimurn
1313 1435 1365 1489 qne
1377 1421 1440 1475 nelli
1455 1420 1576 1477 homines
1589 1432 1739 1484 eraserunt,
1752 1421 1802 1475 nisi

1015 1509 1060 1578 qai
1075 1509 1102 1562 in
1118 1524 1179 1564 :area
1193 1525 1253 1565 osse
1270 1520 1421 1581 potuerunt,
1433 1512 1503 1582 quod
1520 1511 1637 1582 gentium
1651 1525 1701 1566 nce
1710 1507 1802 1565 Graeca

1015 1611 1064 1651 nec
1079 1596 1170 1651 Latirta
1184 1600 1256 1653 notit
1269 1599 1378 1654 historia
1392 1598 1450 1673 (a),
1467 1599 1515 1656 sed
1529 1610 1616 1656 tamen
1629 1599 1801 1671 majusquam

1015 1697 1105 1757 postea
1120 1698 1239 1758 tempero
1254 1690 1422 1746 Drrrealienis
1437 1689 1487 1747 luit
1499 1733 1508 1759 ,
1522 1691 1591 1748 inter
1604 1692 1749 1762 scriptores
1761 1691 1801 1745 lti-

1014 1778 1103 1832 storiao
1115 1794 1166 1833 tion
1187 1779 1319 1835 corruenit.
1333 1778 1399 1836 Nam
1413 1780 1496 1836 Varro
1514 1781 1576 1838 inde
1587 1796 1699 1837 caereus
1713 1788 1754 1836 est
1768 1780 1812 1859 lig

1014 1869 1101 1934 hrum,
1116 1872 1191 1941 cujus
1207 1873 1369 1929 ntentionern
1385 1876 1508 1945 superius
1527 1874 1589 1944 ieci,
1603 1883 1631 1931 ει
1649 1875 1714 1931 niltil
1738 1876 1800 1941 sibi,

1013 1973 1046 2013 ex
1061 1976 1113 2029 quc
1128 1962 1264 2030 perveniat
1276 1963 1309 2018 ad
1322 1979 1365 2019 res
1379 1963 1522 2028 Nonianus.
1535 1966 1659 2037 proponit
1668 1966 1803 2037 antiquins

1013 2066 1091 2120 quam
1112 2053 1203 2125 Ogygii
1218 2055 1355 2123 dileriam,
1372 2056 1422 2111 bec
1441 2066 1492 2123 est,
1507 2057 1599 2130 Ogygii
1621 2056 1718 2114 lactem
1732 2068 1801 2112 teor·

1013 2142 1132 2210 peribus.
1144 2143 1231 2199 Nostri
1245 2156 1333 2201 autent
1346 2149 1389 2217 qai
1398 2147 1530 2204 Chronica
1542 2149 1715 2219 scripserunt,
1726 2150 1801 2219 prius

1013 2231 1154 2298 Eusebius,
1176 2242 1236 2302 pust
1250 2235 1440 2308 hieronymus,
1456 2240 1499 2308 qei
1514 2238 1605 2310 utique
1619 2240 1800 2310 praecedentes

1011 2322 1114 2392 aliquos
1132 2325 1272 2381 historicos
1294 2327 1320 2381 in
1345 2327 1395 2382 hac
1408 2329 1533 2399 opinione
1554 2331 1637 2385 secuti
1653 2339 1724 2394 sunt,
1739 2340 1798 2401 post

1011 2428 1096 2468 antius
1116 2416 1229 2487 amplius
1249 2434 1327 2489 quana
1343 2428 1474 2476 trecentos
1485 2421 1541 2490 jam
1555 2423 1799 2492 secrrndoArgiro-

1011 2520 1068 2561 ram
1082 2507 1222 2565 Phoroneo
1234 2526 1297 2580 rege
1319 2521 1446 2582 regnante
1458 2512 1551 2584 Ogygii
1575 2514 1704 2568 diluuium
1716 2513 1801 2569 brisse-

1010 2612 1228 2655 commemorant.
1242 2600 1294 2658 Sed
1313 2604 1432 2673 quolibet
1445 2613 1564 2673 ternpore
1586 2606 1674 2670 itrerit,
1689 2605 1743 2673 jain
1759 2615 1811 2659 ta··

1010 2706 1070 2745 men
1085 2692 1200 2746 llincrva
1213 2702 1336 2765 tanquam
1348 2695 1398 2749 dea
1411 2697 1557 2760 celebatur,
1575 2709 1701 2765 regnante
1713 2698 1796 2753 Atbc·

1010 2782 1291 2854 iriensibusilecrepc,
1313 2786 1433 2857 subque
1456 2802 1520 2858 rege
1543 2790 1620 2842 otiam
1647 2789 1731 2858 ipsane
1755 2788 1813 2844 velt

1010 2875 1182 2930 instauratam
1196 2877 1293 2941 ferrent,
1308 2879 1349 2934 rel
1361 2880 1494 2934 conditam
1509 2880 1655 2935 cirinum

1008 2967 1120 3024 CAPUT
1148 2967 1191 3022 til.
1215 2999 1252 3010 -
1281 2970 1390 3034 Quando
1420 2971 1609 3026 Atheniensium
1645 2974 1732 3026 ciuitas
1762 2976 1812 3028 rite

1044 3061 1155 3126 cotrdito,
1167 3071 1190 3113 et
1203 3077 1279 3128 quom
1299 3077 1402 3115 courum
1424 3064 1534 3117 nominis
1544 3065 1598 3134 ejus
1616 3062 1695 3118 Varro
1711 3066 1812 3134 periri···

1043 3153 1108 3205 beot.

1043 3240 1107 3294 Nam
1125 3250 1154 3295 ut
1176 3241 1288 3298 Athenae
1301 3252 1457 3298 vorarentur
1468 3283 1476 3307 ,
1489 3242 1560 3312 qnod
1580 3253 1654 3299 certe
1667 3259 1763 3299 nomen
1778 3261 1812 3299 a·-

1007 3330 1121 3387 llinerm
1137 3341 1256 3401 est.qen
1273 3348 1359 3402 grace
1377 3325 1456 3396 donoc
1478 3333 1584 3398 dieitur,
1603 3334 1670 3389 barto
1688 3350 1811 3390 causatu·
1851 3334 1859 3349 ’

1008 3420 1092 3475 Narro
1105 3423 1211 3476 indicat.
1232 3421 1298 3478 Gttm
1308 3426 1473 3495 apparuisset
1486 3427 1538 3480 illic
1551 3427 1742 3494 repentcclirae
1752 3443 1811 3481 atr-1

1007 3513 1065 3579 ber,
1088 3525 1115 3569 ει
1128 3516 1181 3568 alio
1195 3517 1252 3568 leco
1265 3532 1332 3585 arqtta
1344 3520 1487 3586 erupisset,
1510 3533 1598 3587 regern
1614 3519 1730 3588 prodigia
1741 3520 1794 3574 ista

1007 3614 1156 3668 intererunt,
1168 3616 1195 3659 et
1206 3605 1464 3674 misitautpottiuou
1473 3607 1626 3676 Delphicum
1632 3609 1813 3663 sciscitatore·
1890 3665 1896 3676 ,

1006 3698 1068 3766 quid
1078 3697 1276 3768 intelligendum
1289 3708 1369 3764 essct,
1382 3699 1444 3769 quid
1460 3699 1616 3755 iaciendum.
1630 3700 1676 3755 lile
1687 3715 1811 3771 respon·-

1006 3791 1044 3845 dit
1054 3790 1122 3860 qnod
1135 3791 1193 3846 olea
1208 3791 1350 3846 llinertam
1363 3792 1534 3862 significaret,
1548 3793 1617 3848 unda
1629 3792 1792 3863 Neptunum,

1006 3894 1032 3937 ct
1043 3883 1112 3954 qoud
1126 3893 1195 3938 esset
1206 3886 1232 3938 in
1242 3883 1338 3939 siriam
1352 3892 1491 3952 potestate,
1503 3900 1536 3940 ott
1545 3884 1620 3953 cujus
1632 3884 1739 3939 nomine
1752 3899 1810 3953 pe·

1008 3976 1060 4029 tius
1072 3975 1184 4030 deerunt
1195 3977 1317 4040 denrurn,
1328 3991 1439 4046 quornm
1448 3977 1521 4047 signa
1536 3977 1579 4030 illa
1589 3986 1690 4043 essent,
1701 3977 1808 4032 civitas·

1006 4076 1155 4120 vocaretur.
1168 4064 1221 4119 isto
1235 4065 1351 4134 Cecrops
1363 4067 1470 4121 oracrtlo
1480 4079 1600 4137 accepte,
1616 4068 1687 4122 circs
1700 4081 1808 4122 ornnes-

1007 4157 1142 4226 esriusqee
1154 4170 1235 4212 sores
1249 4156 1320 4227 (mos
1333 4157 1404 4212 enim
1420 4167 1481 4212 tirno
1494 4159 1519 4213 in
1535 4157 1634 4213 eisdem
1650 4159 1716 4214 locis
1725 4171 1793 4226 erar,
1807 4196 1811 4204 .

1006 4257 1035 4303 ut
1046 4249 1124 4302 etiam
1137 4247 1241 4304 sentinae
1254 4249 1364 4318 publicis
1376 4248 1613 4304 consultationibus
1621 4248 1793 4319 interessent)
1807 4282 1810 4287 -

1006 4340 1039 4396 ad
1054 4340 1189 4395 serendum
1204 4341 1356 4412 suffragium
1377 4343 1541 4398 convocarit.
1561 4341 1686 4397 Censuha
1714 4343 1800 4412 igiter:

1005 4432 1172 4487 multitudine
1184 4448 1271 4489 mares
1288 4448 1336 4502 pre
1351 4432 1483 4502 Neptuno,
1498 4433 1603 4488 l'eminae
1617 4447 1665 4502 pro
1677 4432 1801 4498 llinerva*

1005 4524 1089 4580 tulere
1116 4525 1260 4579 sententias
1274 4542 1281 4578 ε
1295 4533 1324 4580 ει
1346 4524 1409 4593 quiu
1428 4539 1480 4580 una
1496 4524 1555 4593 plus
1576 4533 1617 4578 est
1630 4523 1739 4578 inrenta
1752 4521 1792 4576 le·

1004 4620 1145 4684 nunonem,
1156 4618 1270 4674 lllnerra
1281 4617 1353 4674 vicit.
1363 4617 1437 4672 Tunc
1446 4616 1580 4687 Neptunus
1592 4616 1674 4670 iratus
1683 4615 1793 4670 marinis

1004 4711 1128 4766 iluctibes
1140 4711 1349 4767 exestuantibus
1370 4719 1454 4764 terras
1466 4708 1665 4763 Atheniensium
1681 4705 1791 4776 popula·

1004 4811 1047 4856 tus
1059 4811 1100 4856 est
1116 4820 1122 4855 :
1138 4804 1261 4870 qnoniam
1275 4816 1398 4871 epmgere
1409 4801 1486 4854 latius
1500 4798 1631 4868 quaslibet
1642 4811 1724 4866 aquas
1739 4796 1792 4852 dil·

1004 4893 1072 4948 licilo
1090 4893 1255 4947 dacnronittns
1269 4907 1321 4946 nen
1337 4901 1387 4946 est.
1409 4890 1491 4960 Cujus
1510 4899 1539 4944 ut
1553 4888 1689 4943 iracundia
1702 4887 1791 4958 placa·

1035 5005 1044 5036 ¹
1061 5009 1123 5060 taes..
1137 5002 1212 5067 ogpgi
1226 5000 1632 5074 :etlehapre,ogpgirrp‚l1abep
1665 5006 1791 5111 oppugna:

1003 5065 1098 5173 quidtge
1110 5074 1191 5174 ιιηὲειι
1202 5065 1363 5115 istoseeuodo
1374 5063 1436 5124 loce,
1444 5073 1541 5128 ogygio.
1549 5062 1626 5112 i'tdct
1653 5073 1688 5123 ta,
1732 5097 1740 5112 .
1752 5061 1791 5124 2l,

1042 5145 1054 5175 ἲ.
1128 5163 1133 5175 .
1164 5162 1170 5174 .

1002 5139 1070 5258 miu)
1084 5139 1131 5235 ’noli
1152 5185 1260 5236 doluisse
1278 5192 1359 5236 umen
1378 5186 1443 5236 inter
1462 5181 1569 5249 gentiles
1586 5184 1726 5244 historicos.
1749 5186 1809 5257 qui.

1002 5249 1099 5297 maxnui
1112 5248 1180 5297 istius
1189 5257 1215 5298 et
1225 5247 1369 5296 unirersalis
1378 5246 1461 5296 diluvii
1480 5252 1626 5307 atqueatoue
1637 5253 1686 5295 Noe
1702 5260 1790 5296 inemt-

1002 5314 1091 5367 neriut,
1105 5315 1218 5358 berosum
1236 5309 1387 5371 wltoniam
1407 5308 1509 5363 scilieet.
1523 5313 1651 5367 unwan,
1671 5306 1791 5358 Nicolaum

1001 5376 1182 5427 Damascenum,
1196 5377 1222 5419 et
1232 5372 1319 5419 itieron
1360 5384 1401 5419 utn
1415 5369 1559 5433 egyptium,
1572 5369 1655 5418 scribit
1663 5375 1726 5429 teser
1735 5367 1790 5428 itte,

1001 5430 1063 5481 libm
1076 5432 1085 5478 l
1100 5432 1271 5494 Antiquitatum
1282 5438 1310 5481 tu
1327 5431 1431 5480 alcoram
1441 5464 1448 5488 ‚
1458 5442 1512 5492 capt.
1523 5429 1548 5491 d,
1561 5438 1586 5479 ct
1603 5442 1636 5480 ex
1652 5431 1704 5491 ipso
1720 5432 1792 5477 euse-

1002 5492 1065 5549 bius,
1078 5499 1135 5552 taaeq
1145 5493 1259 5541 arationis
1270 5491 1417 5555 orangelicrc
1429 5491 1491 5541 hbre
1500 5491 1605 5553 &cappa
1615 5492 1642 5540 ll
1654 5498 1681 5540 et
1692 5489 1734 5538 ld:
1745 5488 1791 5537 scd

1001 5552 1128 5616 gentilium
1140 5552 1234 5602 iliorum
1244 5555 1331 5616 scripta
1342 5553 1372 5602 ttd
1384 5554 1520 5603 barbaricas
1536 5552 1648 5603 historias
1658 5551 1791 5620 perticam,

1001 5612 1089 5727 tct't'uad
1104 5621 1196 5665 &atas
1206 5622 1246 5665 aut
1262 5615 1501 5679 tatiom,dequtltus
1512 5615 1656 5679 Augtrstinm
1676 5609 1791 5674 toquuur.

1050 5683 1144 5727 ,ιιι-ιι.
