3900 6390
153 320 208 379 733

185 433 215 490 2
228 433 273 490 stc
287 448 350 505 erra
373 433 415 489 isti
431 433 524 488 rolant
537 432 629 503 iudicii
642 433 688 489 bel
702 435 933 489 comminationem

155 544 209 585 oon
222 543 282 584 esse
302 527 475 597 mendacem,
490 529 609 598 quamvis
631 528 666 584 sit
678 529 809 583 neminem
824 527 937 582 damna*

155 630 240 687 sums,
256 618 474 689 quemadmodum
486 619 544 689 ejus
553 620 794 684 comminatlooem,
810 633 859 690 qua
870 619 937 674 dixit

154 726 308 768 eversurum
328 726 356 764 se
375 724 435 765 esse
453 710 564 765 Niniren
583 711 716 765 ciuitatem
740 708 826 781 (lance
838 724 877 775 ιιι,
893 710 934 781 d),

154 803 308 858 mendacem
331 817 383 857 ooo
398 817 538 872 possumus
550 803 658 867 dicere;
679 810 706 858 et
724 812 811 856 tamen
830 817 882 857 oon
898 800 937 855 la·

153 901 226 948 ctum
240 902 297 960 est,
320 894 459 962 inquiunt,
475 892 546 962 quod
564 892 621 946 sine
637 892 687 946 ulla
700 891 850 946 conditione
866 906 936 963 prat·

154 985 230 1039 dixit.
244 982 301 1038 Non
315 984 385 1038 enim
399 984 454 1049 ait,
472 983 565 1038 Ninive
577 991 718 1046 evertetur,
734 982 756 1036 si
767 992 819 1036 nan
834 982 937 1052 egerint

156 1073 347 1144 poeoitentiam,
359 1088 441 1142 seque
451 1073 613 1128 correxerim
628 1091 635 1127 :
648 1071 696 1128 sed
716 1072 765 1127 hoc
777 1087 829 1126 non
844 1071 935 1127 addito

155 1162 935 1233 praenuntiavitloturameversionemilliuscivitatis.Qnam

155 1255 386 1310 corrnatinationem
401 1265 538 1324 propterca
551 1270 671 1310 veracem
683 1265 793 1324 potant,
809 1255 868 1327 qnia
885 1255 936 1310 ltoc

156 1347 277 1416 praedixit
292 1348 361 1403 Deus
381 1348 449 1418 quad
466 1364 527 1404 vere
547 1349 617 1420 digni
640 1359 715 1405 erant
730 1346 801 1419 pati‘,
817 1348 937 1420 quamtis

156 1437 207 1492 hoc
220 1454 272 1493 noo
285 1446 356 1494 esset
370 1439 426 1508 ipse
446 1438 569 1494 iactttrus.
592 1439 657 1494 Nam
680 1441 728 1496 etsi
750 1441 938 1510 pmttitentibns

157 1529 294 1598 pepercit,
322 1529 459 1600 inquiunt,
485 1531 574 1600 utiquo
597 1530 655 1585 illos
677 1531 858 1601 poeniteotiam
884 1545 936 1584 non

155 1619 294 1688 ignorabat
317 1627 432 1684 acturos,
452 1627 576 1674 ettamen
593 1619 714 1674 absolute
726 1636 757 1674 ae
770 1619 936 1675 dellniteeo-

156 1725 216 1764 rum
237 1710 401 1765 eversionem
424 1709 540 1765 loturam
556 1725 614 1766 csse
636 1711 768 1780 praedixit.
796 1711 853 1765 llac
873 1725 937 1780 erqo

157 1813 233 1869 erat,
247 1804 382 1873 inquiunt,
399 1804 425 1858 itt
439 1805 549 1858 veritate
568 1804 735 1870 seueritatis,
748 1802 808 1874 qnia
824 1803 939 1858 iderant

157 1894 248 1964 digni;
271 1894 358 1949 sedin
381 1894 484 1949 ratione
507 1895 682 1949 miserationis
696 1911 747 1949 oon
763 1903 836 1956 erat,
859 1908 937 1963 qnam

158 1999 211 2038 oon
224 1983 353 2039 continuit
368 1987 394 2038 in
409 1985 445 2037 ira
461 1999 527 2049 sna,
544 1994 572 2038 ut
584 1985 617 2038 ab
630 2000 659 2038 ea
679 1999 755 2054 poena
777 1984 939 2054 supplicibus

157 2082 287 2142 parceret,
302 2088 381 2142 quam
402 2071 485 2127 luerat
499 2075 696 2129 contumacibus
710 2075 895 2129 comminatus.
910 2073 938 2129 Si

157 2176 221 2231 ergo
243 2172 305 2217 tunc
324 2163 456 2232 pepercit,
475 2163 566 2228 aiunt,
591 2166 696 2233 ‹qttaodo
717 2174 837 2219 sanctum
862 2179 938 2218 suum

158 2254 316 2323 l'cophetam
340 2256 426 2312 luerat
442 2258 575 2328 parcendo
596 2259 816 2323 contristaturus,
839 2269 938 2327 quanto

157 2346 241 2415 magis
254 2356 315 2400 tunc
330 2347 503 2403 miserabilius
516 2348 726 2418 supplicantibus
739 2357 841 2419 parcet,
856 2364 940 2418 quatt-

158 2433 233 2488 doot
254 2446 345 2504 pareat
364 2453 457 2492 omnes
475 2438 559 2493 sancti
582 2438 639 2509 ejus
661 2437 792 2492 orabunt?
814 2437 864 2493 Sed
889 2437 940 2492 ltoc

157 2524 230 2594 quod
254 2526 304 2596 ipsi
328 2527 384 2582 suis
409 2529 533 2583 cordibus
555 2530 738 2598 suspicantur,
764 2529 823 2583 idco
846 2535 940 2598 putant

157 2613 308 2686 Scripturas
330 2617 443 2673 tacuisse
466 2617 589 2684 divinos,
609 2629 637 2672 nt
657 2619 731 2673 multi
752 2620 938 2688 recorrigant,

158 2705 201 2760 rel
223 2707 381 2775 prolixarum
400 2707 441 2762 rel
462 2717 618 2763 aeternarum
638 2709 731 2763 timore
747 2722 896 2779 paenarum,
914 2717 941 2763 et

158 2795 212 2849 sint
231 2796 277 2864 qui
299 2797 400 2865 possint
412 2813 488 2852 orare
511 2799 628 2868 procis,
644 2799 688 2868 qul
707 2813 736 2853 se
751 2814 802 2852 tion
817 2813 940 2853 correxe-

158 2886 231 2941 rint:
245 2902 295 2942 nec
317 2897 403 2944 tamen
427 2890 568 2959 opinantur
590 2891 662 2945 oonni
685 2889 764 2946 modo
789 2890 814 2944 id
836 2890 940 2960 eloquia

159 2975 247 3031 diuina
262 2978 385 3034 tacuisse.
409 2978 474 3033 Nam
491 2995 544 3049 quo
563 2981 695 3049 pertinet,
711 2980 850 3050 inquiunt,
868 2979 939 3050 quod

159 3066 287 3136 scriptum
320 3078 382 3132 est,
416 3069 497 3136 Quam
524 3071 603 3123 multa
636 3069 768 3124 ntultitudo
798 3070 937 3124 dulcedinis

160 3167 221 3226 tute,
239 3159 356 3228 Dantine,
381 3177 455 3232 quam
477 3162 627 3237 abscondisti
644 3162 805 3217 ructuantibus
814 3172 838 3216 te
852 3159 939 3236 (Psal.

160 3264 224 3315 ιιι,
236 3249 299 3322 emt
314 3252 364 3305 nisi
378 3259 407 3306 nt
418 3253 594 3322 intelligamus
607 3261 714 3324 propter
727 3253 847 3308 timorem
861 3252 942 3308 luisse

159 3340 551 3398 amcoodtummtsericordta
573 3343 740 3397 divinatam
766 3344 874 3398 multam
898 3357 941 3397 se-

160 3440 314 3501 cretamque
341 3431 528 3488 dulcedioeml
560 3433 667 3488 llddunt
691 3435 770 3489 etiam
801 3444 940 3505 propterea

160 3520 260 3576 dixisse
272 3522 424 3592 Apostolum
438 3563 445 3586 ,
459 3521 587 3578 conclusit
599 3524 664 3576 euim
676 3521 744 3577 [lens
760 3524 885 3578 amassia
899 3524 941 3576 iu·

162 3609 300 3679 fidelitate,
315 3620 342 3665 ut
354 3613 465 3665 amnium
488 3612 633 3666 miserentur
647 3611 735 3680 (Ratis.
750 3629 795 3679 ιι,
809 3612 873 3683 32),
889 3627 942 3683 qno

161 3702 338 3772 signillcaret,
354 3703 423 3771 quod
442 3702 534 3758 abillo
548 3718 626 3757 neoto
639 3703 816 3758 damnabitur.
830 3703 884 3758 Nec
898 3704 940 3758 isti

161 3801 248 3846 ιιιιιιιι
261 3793 303 3861 qm
319 3792 369 3847 boc
379 3793 506 3861 sentiunt,
526 3793 595 3848 lianc
606 3795 756 3863 opinionem
767 3808 841 3849 suam
857 3809 941 3864 usque

160 3878 195 3935 ad
221 3879 402 3936 liberationem
427 3883 469 3938 rel
493 3883 591 3960 nullam
617 3883 814 3939 damnationem
843 3883 941 3940 diaboli

160 3980 240 4038 attrue
262 3973 415 4042 angelornm
436 3973 493 4042 ejus
516 3973 672 4029 extendunt.
703 3975 822 4029 llumaoa
843 3975 941 4045 quippo

160 4061 231 4115 circa
244 4061 315 4116 solos
337 4061 457 4118 lnomioes
476 4073 615 4119 morentur
635 4065 825 4132 misericordia,
837 4074 941 4121 escau-

159 4165 217 4205 sam
242 4151 355 4209 maxime
379 4165 460 4225 agnat
482 4171 575 4221 sunm,
596 4172 644 4227 per
655 4157 804 4228 perteralem
819 4159 845 4212 in
858 4173 942 4229 geom

160 4240 305 4296 httsnaoum
318 4244 392 4313 qnasi
406 4244 451 4299 liei
474 4246 670 4301 miserationem
694 4247 875 4316 impunitatem
891 4246 940 4301 lal-

159 4345 216 4386 sam
236 4333 291 4388 suis
315 4335 423 4403 perditis
447 4336 565 4391 moribus
588 4338 764 4407 pollicentes:
779 4353 810 4393 ac
833 4353 879 4407 per
892 4340 942 4394 ltoc

160 4421 323 4490 superabunt
343 4438 389 4478 cos
410 4424 436 4477 in
450 4425 614 4493 praedicanda
634 4427 680 4481 llei
693 4427 883 4494 misericordia,
897 4429 941 4498 qui

160 4509 230 4565 bunc
252 4512 432 4581 impunitatem
456 4514 542 4569 etiam*
558 4515 669 4586 principi
682 4516 830 4571 daemooum
844 4518 941 4588 eteius

161 4603 319 4658 satellitibus
334 4604 502 4673 pollicentur.

160 4737 273 4794 CAPUT
288 4737 358 4794 xlx.
373 4767 408 4778 -
422 4737 459 4792 De
473 4739 512 4794 liis
524 4739 565 4809 qni
576 4739 749 4808 impunitatem
760 4739 871 4792 amnium
882 4755 940 4808 pec-

196 4839 308 4883 catorum
322 4830 468 4900 promittunt
480 4830 554 4884 etiam
566 4829 688 4883 hereticis
700 4868 707 4894 ,
720 4838 823 4900 propter
836 4828 941 4899 partici-

195 4920 321 4990 pationem
334 4923 446 4992 carparis
456 4919 558 4975 Christi.

196 5050 259 5106 ltem
275 5059 337 5106 sunt
348 5053 409 5119 alii,
430 5052 463 5107 ab
484 5063 584 5108 aeterna
600 5050 729 5124 supplicio
744 5049 938 5119 liberationem,

160 5158 209 5197 nec
231 5141 296 5212 ipsis
319 5143 411 5198 saltem
430 5144 553 5199 omnibus
573 5142 723 5200 hominibus
744 5141 939 5211 promittentes,

159 5233 206 5288 scd
235 5233 417 5289 tantummodo
440 5233 536 5295 Christi
561 5235 723 5311 Baptismate
746 5234 861 5300 ablutis,
894 5233 940 5306 qui

158 5325 302 5397 participes
314 5325 379 5382 llnnt
391 5325 512 5394 corporis
523 5326 592 5396 ejus,
602 5325 803 5398 quomodolibet
814 5325 939 5393 vixerint,

159 5417 187 5470 in
198 5432 365 5487 quacumque
384 5417 478 5473 haeresi
491 5419 532 5473 rcl
548 5419 682 5494 impietate
694 5417 809 5487 luerint,
831 5428 939 5489 propter

160 5506 222 5562 illud
234 5506 303 5576 quod
315 5507 351 5561 ait
362 5505 438 5562 lesus
450 5523 457 5559 ε
475 5505 524 5560 llic
534 5517 569 5561 est
582 5509 655 5578 panis
663 5508 706 5579 qni
719 5507 822 5564 decula
834 5508 939 5563 descen·

159 5597 205 5664 dit,
226 5607 254 5652 ut
273 5597 296 5650 si
314 5597 368 5668 qais
389 5613 421 5652 ea
436 5597 492 5667 ipsa
505 5598 708 5663 ntauducaverit,
731 5615 780 5653 aon
807 5599 937 5672 mariatpr.

161 5685 216 5757 ls'pa
234 5703 289 5742 suttt
310 5687 383 5757 panis
400 5689 484 5757 riuus,
503 5687 589 5759 quide
603 5687 665 5741 caela
685 5687 825 5743 descendi:
843 5688 865 5744 si
883 5689 939 5759 quis

730 320 832 377 trualt
850 316 1032 376 ttettsttttls
1050 317 1184 378 tatutis.
1242 319 1247 328 '

1720 332 1772 391 7³⁸

990 438 1175 494 ntartducnverit
1185 455 1216 495 er
1225 441 1272 495 itae
1286 423 1369 514 parts,
1383 443 1446 498 rivet
1459 437 1485 498 itt
1498 452 1618 500 emaum
1630 443 1718 519 (luas.
1732 464 1770 513 vt,

990 528 1095 600 ibid).
1120 531 1161 586 lto
1180 542 1278 588 aeterna
1298 548 1361 604 erga
1377 542 1482 600 morto,
1504 535 1641 606 inquiunt,
1660 552 1771 596 necessa

989 629 1030 675 est
1048 621 1113 676 istos
1127 622 1200 687 erui,
1225 632 1253 678 ct
1263 623 1296 679 ad
1307 625 1388 680 uitam
1406 633 1531 681 aeternam
1547 627 1768 702 quandocumque

991 710 1110 779 perduci.

990 822 1100 904 corut
1116 823 1173 879 XX.
1190 855 1227 865 -
1245 824 1284 880 De
1295 825 1334 881 lais
1343 827 1387 895 qui
1400 843 1449 881 nor
1462 827 1593 893 amnibus,
1612 827 1656 881 sed
1667 826 1699 882 iis
1711 838 1770 881 tarr·

1021 922 1073 966 tum
1084 915 1128 984 qui
1146 912 1215 983 apud
1230 912 1370 969 Catlvolicas
1382 925 1440 970 sunt
1453 916 1535 970 renati
1543 957 1551 980 ,
1570 916 1667 971 etiamsi
1679 924 1765 986 postea

1018 1002 1044 1056 ia
1058 1000 1136 1055 mulla
1147 1003 1251 1058 crimina
1259 1021 1402 1074 erroresque
1413 1006 1771 1077 proruperint,indulpeutiam

1024 1094 1181 1162 pollicentur.

1025 1208 1088 1263 ltem
1102 1217 1164 1264 suot
1178 1207 1284 1278 quibua
1299 1223 1348 1263 noc
1359 1208 1481 1263 omnibus
1501 1205 1659 1263 habentibus
1681 1206 1772 1279 bapti·

989 1299 1083 1354 smatis
1101 1298 1200 1354 Cltristi
1218 1308 1246 1356 et
1268 1300 1326 1368 eius
1346 1299 1465 1369 corporis
1487 1307 1701 1366 sacramentum,
1723 1297 1771 1354 sed

988 1388 1052 1442 solis
1065 1388 1216 1454 Catholicis,
1225 1388 1345 1458 quamvis
1356 1388 1424 1443 male
1435 1388 1583 1444 viventibus
1596 1387 1771 1458 pollicentur;

989 1479 1115 1548 quianon
1136 1478 1195 1534 solo
1209 1488 1394 1544 sacramento,
1416 1478 1463 1535 sed
1482 1494 1512 1534 re
1525 1480 1581 1548 ipsa
1592 1478 1771 1534 manducare·

989 1579 1153 1638 runtcorpus
1172 1569 1289 1633 Christi,
1314 1570 1340 1623 in
1357 1570 1415 1638 ipso
1428 1569 1486 1638 ejus
1498 1583 1610 1637 corporo
1623 1568 1771 1635 constituti,

989 1659 1022 1716 de
1034 1660 1159 1730 quodicit
1172 1660 1324 1730 Apostolus,
1335 1659 1406 1715 llum
1418 1661 1501 1730 panis,
1509 1676 1586 1715 urtntn
1598 1676 1691 1730 carpus
1700 1659 1772 1714 otulti

989 1766 1075 1807 sumus
1087 1750 1108 1821 (l
1121 1748 1179 1805 Car.
1196 1766 1233 1816 ι,
1251 1750 1315 1819 tlt:
1331 1761 1359 1804 ιιι
1375 1749 1478 1805 etiamsi
1500 1759 1591 1818 postca
1613 1749 1638 1803 io
1658 1748 1772 1818 aliquam

990 1839 1111 1895 baeresim
1135 1840 1274 1896 ueletiam
1297 1841 1323 1894 io
1346 1841 1484 1911 gentilium
1508 1838 1684 1894 idololatriam
1706 1837 1772 1907 lapsi

990 1928 1105 1998 luerint,
1129 1939 1229 1985 tanum
1245 1930 1304 2000 quia
1326 1931 1352 1984 in
1374 1943 1486 1998 corpore
1506 1928 1615 1994 Christi,
1635 1928 1661 1984 id
1682 1936 1723 1983 est
1744 1927 1772 1983 itt

991 2022 1109 2078 Ecclesia
1129 2021 1277 2089 catholica,
1297 2029 1468 2090 sumpserunt
1493 2019 1657 2091 baptismum
1675 2017 1771 2074 Christi

990 2123 1017 2169 et
1030 2113 1255 2168 manducaverunt
1274 2127 1370 2181 corpus
1390 2112 1504 2177 Christi,
1519 2127 1572 2167 oon
1585 2112 1732 2167 moriantur
1744 2109 1772 2166 ia

990 2211 1135 2268 aeternum,
1161 2203 1208 2260 sed
1224 2203 1303 2257 ritum
1315 2202 1472 2273 quandoque
1485 2187 1679 2272 consequantur
1691 2209 1773 2256 aeter·

990 2310 1066 2360 nam;
1087 2305 1166 2364 atque
1179 2296 1224 2350 illa
1240 2294 1325 2350 ontrnis
1345 2295 1467 2365 impietas
1480 2302 1577 2364 quanto
1588 2292 1672 2362 ntajur
1683 2291 1770 2356 luerit,

991 2401 1043 2440 noo
1058 2385 1097 2441 eis
1107 2386 1193 2440 valeat
1206 2386 1238 2440 ad
1249 2387 1442 2453 aeternitatem,
1464 2385 1510 2440 sed
1523 2384 1556 2440 ad
1569 2384 1770 2440 diuturnitatem

992 2475 1252 2547 tnagoitudinemquc
1265 2491 1412 2546 poenarum.

991 2589 1101 2647 CAPUT
1121 2588 1190 2644 xttl.
1218 2618 1255 2631 -
1282 2588 1318 2642 lle
1336 2589 1375 2642 bis
1394 2589 1436 2658 qui
1459 2586 1563 2656 eosqui
1581 2591 1725 2657 pcrmauertt
1744 2582 1772 2638 ist

1026 2679 1152 2736 catlralica
1165 2679 1232 2747 lide,
1244 2679 1341 2733 etiarnu'
1354 2678 1457 2748 pessirae
1466 2677 1581 2739 maerim,
1594 2684 1619 2728 et
1629 2674 1659 2728 ab
1672 2674 1719 2726 liae
1733 2672 1773 2726 uri

1026 2772 1159 2827 meruerim
1171 2814 1178 2838 ‚
1192 2781 1274 2826 tamen
1285 2782 1387 2842 propter
1397 2771 1457 2840 fidei
1469 2768 1660 2839 [tundamentum
1671 2766 1773 2820 salvan·

1027 2864 1073 2919 das
1082 2880 1135 2918 esse
1148 2864 1281 2933 definiunt.

1027 2979 1095 3035 Sunt
1108 2989 1195 3033 :nutem
1210 2980 1253 3048 qul
1267 2985 1374 3047 propter
1390 2975 1415 3031 id
1429 2974 1498 3045 quod
1508 2973 1635 3043 scriptum
1650 2977 1705 3030 est,
1723 2969 1774 3034 pat

992 3069 1180 3143 perseveraverit
1194 3083 1270 3137 usque
1288 3068 1314 3119 in
1335 3068 1427 3134 docnt,
1448 3065 1488 3119 liic
1505 3064 1589 3117 sitlans
1607 3063 1654 3116 erit
1668 3060 1774 3131 (uuirt.

992 3157 1065 3223 sinn,
1079 3158 1122 3229 lb)
1138 3175 1145 3210 :
1161 3172 1211 3212 noo
1225 3156 1274 3211 nisi
1290 3155 1316 3210 in
1330 3155 1448 3210 Ecclesia
1460 3153 1587 3209 catholica
1600 3149 1789 3222 peremeran-¹

992 3252 1082 3317 tibus,
1106 3251 1228 3322 qnamris
1240 3249 1266 3304 in
1281 3263 1312 3303 ea
1327 3248 1397 3302 malo
1411 3246 1578 3312 virentibus,
1597 3245 1649 3299 ltoc
1664 3241 1788 3314 promit-'

993 3352 1060 3409 tunt,
1075 3357 1123 3413 per
1132 3342 1218 3413 ignem
1228 3339 1349 3395 videlicet
1359 3337 1490 3393 salramlis
1498 3337 1591 3391 morito
1600 3333 1773 3398 fundamenti,

993 3436 1026 3493 de
1038 3452 1091 3507 quo
1103 3435 1140 3489 ait
1158 3434 1298 3505 Apostolos
1310 3474 1317 3497 ,
1332 3431 1537 3486 Fundamentum
1549 3428 1615 3482 eninr
1626 3427 1774 3480 alindaenta

993 3536 1072 3597 potest
1086 3541 1198 3596 ponere,
1223 3532 1313 3593 prater
1328 3522 1355 3576 id
1378 3519 1444 3593 quod
1465 3520 1572 3589 positum
1590 3526 1626 3573 est
1638 3558 1645 3582 ,
1659 3514 1726 3586 quad
1739 3520 1775 3568 est

993 3616 1106 3671 Christus
1115 3613 1200 3669 lesus.
1215 3613 1309 3682 Siquis
1322 3622 1405 3666 autem
1418 3610 1526 3678 edificat
1538 3623 1613 3677 super
1621 3606 1774 3678 [undamen-

993 3716 1046 3760 tum
1072 3706 1119 3759 boc
1143 3720 1252 3768 aurum,
1276 3713 1422 3773 arpentum,
1438 3698 1534 3770 lapides
1549 3699 1679 3767 pretiosas,
1694 3696 1772 3767 liqna,

992 3799 1096 3868 lenum,
1115 3796 1251 3865 stipulam,
1272 3794 1467 3863 nnivtscnjusqtve
1485 3806 1548 3860 opus
1565 3787 1775 3857 manifestabitur.

993 3893 1052 3946 Dias
1069 3890 1134 3944 enim
1154 3888 1305 3953 declarabit,·
1325 3886 1443 3956 quoniam
1457 3885 1483 3936 iu
1495 3884 1553 3952 iqne
1565 3881 1729 3945 revelabitur,
1751 3887 1776 3934 et

992 3984 1188 4052 uuiuscujusque
1198 3996 1261 4050 apns
1276 3978 1350 4050 quale
1363 3979 1411 4041 sit,
1434 3976 1497 4045 ipnis
1512 3973 1635 4044 probabit.
1661 3971 1690 4027 Si
1704 3972 1777 4039 cuites

993 4090 1056 4145 opus
1067 4072 1230 4141 permanserit
1242 4068 1309 4139 quad
1323 4065 1542 4137 superedificavit,
1555 4062 1693 4118 vurcerlem
1707 4062 1776 4115 acci-

993 4167 1043 4236 piet
1058 4181 1067 4218 :
1080 4164 1102 4217 si
1116 4163 1187 4232 cujus
1206 4177 1269 4230 opus
1287 4169 1370 4212 autem
1386 4157 1492 4221 arserit,
1512 4154 1632 4208 dammam
1647 4152 1775 4222 patietur,·

992 4256 1046 4326 ipse
1057 4262 1139 4307 autent
1151 4250 1236 4306 solvus
1246 4253 1306 4313 erit,
1317 4250 1353 4303 sic
1364 4258 1445 4301 larun
1456 4247 1527 4316 quasi
1537 4261 1581 4316 per
1592 4246 1674 4315 lpnem
1685 4243 1707 4313 (l
1716 4241 1775 4296 Cor.

993 4361 1031 4407 nt,
1046 4344 1150 4412 ll-lbl.
1179 4341 1272 4396 Dicunt
1292 4354 1355 4409 erqo
1380 4338 1520 4407 cujuslibet
1537 4336 1598 4390 vitae
1617 4333 1775 4390 eatltolicnm

992 4434 1170 4491 Christianum
1182 4430 1315 4486 Christum
1341 4428 1437 4482 babere
1451 4427 1477 4482 io
1499 4425 1687 4488 laudamento,
1706 4419 1776 4492 quod

993 4527 1191 4584 fundamentum
1218 4521 1287 4577 nulla
1310 4521 1419 4575 haeresis
1440 4518 1554 4574 habeta
1577 4514 1696 4585 corporis
1717 4513 1775 4580 eiua

993 4618 1094 4673 ιιιιίιιιι
1114 4615 1232 4686 praecisa.
1256 4613 1292 4667 Et
1304 4613 1364 4667 ideo
1379 4620 1486 4682 pmpter
1500 4610 1550 4663 ltoc
1564 4607 1775 4668 luridamemnm,

993 4710 1095 4766 etiamsi
1111 4709 1186 4763 malae
1198 4707 1258 4762 vitm
1269 4704 1347 4760 luerit
1357 4704 1502 4760 catholicus
1513 4699 1691 4766 Christianus,
1703 4699 1776 4753 relut

992 4801 1036 4871 qui
1046 4798 1294 4869 superseminaverit
1308 4796 1378 4867 ligna
1391 4837 1399 4861 ,
1414 4794 1519 4856 lenum,
1535 4792 1669 4860 stipnlam,
1683 4797 1776 4858 putant

993 4907 1053 4948 eum
1066 4890 1166 4945 salsum
1181 4888 1238 4944 lieri
1252 4903 1298 4957 per
1312 4887 1410 4956 ignem,
1423 4882 1448 4938 ld
1460 4891 1511 4948 est,
1527 4890 1587 4952 past
1599 4895 1691 4950 poenas
1704 4879 1773 4951 ignis

992 4984 1062 5038 illius
1075 4981 1198 5047 liberari,
1220 4992 1273 5048 quo
1292 4977 1391 5048 igneio
1407 4973 1500 5029 ultimo
1517 4972 1617 5043 jndicio
1631 4972 1775 5041 punientur

992 5073 1054 5128 mali
1069 5072 1117 5143 (a).

992 5204 1104 5262 CAPUT
1120 5201 1203 5258 tttttt.
1219 5230 1256 5241 —
1275 5198 1313 5255 De
1328 5199 1365 5252 bis
1378 5197 1421 5268 qui
1433 5203 1521 5268 putant
1535 5211 1564 5250 ea
1578 5194 1701 5258 crimina,
1721 5204 1777 5262 qrtoe

1027 5295 1091 5350 inter
1100 5293 1312 5361 eleemosynarum
1321 5305 1397 5360 opera
1409 5286 1605 5352 cantorittssntur,
1617 5284 1652 5338 ad
1665 5283 1774 5337 donom-

1027 5385 1102 5440 tionis
1112 5383 1238 5454 judicium
1249 5397 1299 5435 non
1313 5379 1405 5434 uacari.

1026 5515 1147 5586 Comperi
1168 5513 1247 5568 etiarn
1267 5511 1395 5583 quosdam
1415 5520 1507 5582 putare
1524 5525 1572 5568 eos
1594 5508 1774 5565 tantummode

1022 5691 1058 5756 (a)
1073 5690 1137 5742 cotti.
1156 5689 1272 5741 melaria.
1284 5702 1309 5739 u.
1323 5688 1362 5751 ts,
1372 5688 1449 5742 lultlo.
