3900 6390
225 302 279 361 dib
769 303 813 360 llll
831 300 991 359 cttttdtss
1011 301 1078 371 utet,
1097 301 1127 360 S·
1145 299 1329 360 adcusanti
1800 299 1853 358 tto

225 415 271 472 ubi
286 422 390 485 oportet
401 413 570 478 adhibentur,
583 412 645 484 quis
657 426 704 470 eas
718 415 781 469 tum
793 412 901 469 morbos
913 427 961 469 seu
971 413 1010 467 ri·
1064 412 1178 472 ueritate
1196 411 1336 468 seclusus?
1350 410 1594 468 stantemstantem
1613 411 1658 466 illa
1673 418 1729 481 est,
1744 411 1789 467 ubi
1804 428 1853 468 trec

224 505 307 562 tiosos
331 505 467 575 passiones
486 502 583 560 audeat
601 502 709 558 dicere?
731 502 910 571 Quamobrem
931 501 1011 559 etiam
1063 512 1151 558 metus
1164 503 1232 557 nllus
1244 511 1370 567 exterret,
1385 516 1435 558 nec
1448 502 1521 573 angit
1532 502 1608 557 dolor
1619 503 1640 568 ¹,
1652 501 1798 557 aversanda
1812 511 1854 558 est

225 593 283 664 ipse
308 595 434 648 Dominus
457 594 483 649 iu
507 593 591 649 lorma
613 593 684 648 servi
704 607 784 664 agere
796 591 877 648 vitam
889 592 1012 662 diguatus
1065 593 1091 648 in
1107 593 1155 648 bac
1168 595 1231 657 rita,
1245 594 1267 648 si
1281 602 1364 656 recte,
1379 592 1480 648 laocest
1492 591 1638 648 secundum
1655 594 1748 658 beunr,
1761 594 1853 649 virore

226 682 379 749 humanam,
391 683 436 737 scd
451 683 552 738 nullum
567 682 670 745 babens
680 682 790 738 omnino
803 692 952 752 peccatum,
965 682 1013 736 ad·
1064 688 1185 743 uolumus
1197 705 1203 742 :
1217 688 1242 742 in
1257 687 1301 741 iila
1314 701 1378 742 vero
1393 685 1480 753 brata,
1492 701 1551 757 qum
1565 685 1727 758 sempiterna
1741 687 1851 757 promit·

226 773 312 829 hibuit
325 789 370 829 cas
384 774 427 828 ubi
441 773 605 830 adhibendas
617 788 676 830 esse
688 772 825 844 judicarit.
836 772 926 843 Neque
940 772 1011 828 enim
1066 779 1138 844 citur,
1152 779 1230 850 plane
1243 778 1373 848 speranda
1387 787 1428 833 εει
1438 780 1461 836 ·.

226 863 487 934 inquurerumerat
506 863 621 924 hominis
643 878 741 932 eorpus
763 874 790 918 et
807 863 1013 920 rerusluominis
1101 869 1128 925 5.
1148 868 1240 923 Timor
1251 883 1365 940 namque
1378 869 1423 924 ille
1434 867 1468 923 de
1478 884 1531 938 quo
1543 868 1608 925 dicit
1621 869 1758 939 apostolus
1767 866 1851 925 ioan-

226 957 342 1020 surmus,
355 956 436 1011 narsus
450 966 508 1011 crat
522 955 653 1010 hamanus
666 955 785 1020 sumtus.
796 954 863 1010 dum
878 955 1013 1026 ergerius
1066 976 1130 1027 nes,
1144 959 1231 1015 Terror
1242 977 1292 1015 non
1302 971 1339 1016 eu
1352 961 1379 1014 tn
1392 961 1530 1026 coreno,
1548 959 1593 1014 red
1612 964 1722 1032 pefecta
1742 962 1853 1015 cautem

228 1046 256 1102 in
278 1045 422 1117 Evangelio
444 1047 493 1101 ista
517 1045 685 1114 reiemntur,
707 1045 778 1117 quod
798 1060 877 1116 super
889 1045 1012 1101 duritiam
1066 1051 1137 1121 {orae
1149 1051 1222 1104 mittit
1236 1049 1359 1116 timorem,
1372 1051 1430 1121 quio
1443 1051 1518 1104 timor
1530 1065 1630 1118 perram
1642 1049 1734 1115 buben
1754 1050 1854 1118 quieu-

226 1138 317 1196 eordis
331 1138 482 1195 ludmorum
499 1154 560 1195 cum
576 1140 615 1194 ira
629 1138 803 1201 contristatus
815 1138 849 1194 sit
861 1137 957 1212 (llere.
973 1154 1013 1208 ru,
1066 1142 1201 1207 aestimet,
1210 1150 1305 1195 aonmt
1316 1144 1442 1210 perfectus
1454 1141 1480 1194 iu
1491 1141 1612 1195 charitate
1621 1140 1642 1214 (Ι
1652 1139 1730 1195 iona.
1746 1158 1783 1208 rr,
1796 1140 1852 1212 lii),

227 1229 353 1300 li);quod
363 1230 470 1297 dixerit,
483 1230 587 1286 Gaudeo
596 1239 697 1301 propter
706 1230 911 1304 vegetandum
924 1229 1013 1300 idoare.
1066 1248 1119 1288 non
1141 1242 1183 1288 est
1204 1232 1261 1302 ejrrs
1283 1232 1389 1302 generis
1403 1232 1493 1299 timor,
1507 1232 1582 1302 cujus
1605 1232 1650 1288 ilie
1670 1248 1723 1304 qno
1745 1233 1855 1289 timebat

228 1336 273 1392 qr,
288 1318 348 1391 ta);
366 1322 436 1391 quod
455 1321 585 1377 Lazarum
599 1319 775 1378 suscitaturus
789 1321 868 1376 etiam
883 1320 1015 1392 lacrymas
1066 1323 1202 1393 apostulus
1215 1323 1321 1388 Paulus,
1336 1338 1369 1379 ne
1382 1321 1512 1377 Corinthii
1527 1323 1678 1393 serpentina
1692 1323 1855 1379 seduceren-

226 1411 326 1483 ludorit
338 1411 430 1483 (ibid,
442 1411 510 1486 35);
527 1412 597 1484 quod
612 1413 793 1483 concupiverit
805 1427 865 1470 curu
879 1412 1016 1483 discipulis
1067 1421 1110 1471 tur
1122 1413 1217 1471 astutia
1234 1412 1270 1485 (ll
1281 1412 1341 1471 Gor.
1357 1429 1394 1480 ιι,
1408 1413 1453 1485 5);
1470 1412 1541 1468 lrunc
1552 1413 1624 1469 enim
1639 1415 1761 1471 timorem
1775 1415 1856 1472 babet

226 1503 286 1563 suis
300 1503 460 1558 manducare
473 1503 569 1573 pascha
583 1501 658 1577 (Luc.
672 1519 737 1573 xant,
749 1503 810 1572 l5i3
824 1502 895 1574 quod
909 1504 1017 1573 propin·
1068 1503 1202 1570 clraritas,
1216 1506 1269 1561 imo
1282 1521 1334 1570 porr
1351 1504 1432 1561 habet
1446 1506 1496 1560 nisi
1511 1505 1627 1562 charitas
1644 1525 1650 1561 :
1667 1505 1715 1562 scd
1731 1507 1802 1563 illius
1814 1517 1855 1562 εει

226 1601 328 1663 quante
338 1594 462 1664 passione
475 1594 558 1649 tristis
568 1594 646 1649 luerit
658 1594 746 1649 anima
756 1593 814 1664 ejus
824 1593 930 1667 (lluttir.
942 1606 1014 1665 xxva,
1068 1596 1173 1668 generis
1186 1597 1275 1664 timor,
1289 1597 1335 1668 qui
1349 1612 1402 1652 non
1416 1605 1458 1653 est
1472 1598 1498 1653 iu
1513 1598 1658 1662 alteritate:
1673 1598 1707 1654 de
1725 1614 1780 1669 quo
1799 1601 1857 1669 ipso

227 1684 288 1758 58),
302 1700 356 1741 non
371 1684 437 1742 laiso
450 1687 541 1763 utique
555 1685 716 1742 reseruntur.
729 1685 828 1742 Verum
837 1686 884 1744 ille
896 1686 946 1742 laos
961 1702 1017 1743 mo-
1067 1688 1205 1758 apostolus
1217 1686 1315 1744 Paulus
1325 1688 1372 1756 ait,
1384 1687 1445 1744 Nor
1456 1690 1521 1743 enim
1532 1690 1663 1760 accepistis
1676 1691 1793 1761 spiritum
1802 1708 1856 1747 eer-

228 1783 275 1839 tus
286 1787 366 1832 certas
377 1777 584 1849 dispensationis
596 1779 692 1850 gratia,
704 1779 741 1834 ita
755 1794 817 1835 eum
830 1779 913 1835 coluit
927 1794 1018 1838 susce?
1068 1780 1153 1835 uitatis
1166 1780 1256 1836 iterum
1268 1780 1295 1836 in
1309 1780 1444 1836 timorem⁸
1457 1780 1545 1851 (Reor.
1558 1796 1614 1849 ειη,
1627 1781 1684 1853 td).
1697 1781 1784 1838 Timor
1793 1798 1858 1839 uero

231 1866 273 1938 pit
286 1868 376 1924 animo
389 1868 516 1936 humano,
531 1876 560 1926 ut
573 1885 634 1926 cum
649 1870 733 1925 voluit
745 1871 828 1938 lactus
838 1879 879 1926 est
891 1870 981 1927 bouto.
1069 1869 1115 1932 ille
1129 1879 1227 1938 cartu,
1240 1887 1388 1939 pomaerium
1399 1871 1426 1925 ir
1438 1871 1559 1926 moelem
1570 1872 1657 1927 seculi
1672 1870 1758 1944 (Psoi.
1772 1889 1854 1939 xrrrr,

266 1959 294 2015 d.
315 1959 439 2027 Proinde,
454 1961 524 2031 quod
540 1961 676 2018 latendum
692 1971 743 2029 est,
758 1963 839 2035 etiam
854 1979 915 2018 cum
929 1975 1017 2025 rectas
1070 1961 1137 2036 tit),
1150 1963 1173 2019 si
1186 1965 1236 2020 erit
1250 1972 1278 2020 et
1290 1963 1316 2019 in
1332 1963 1421 2019 luturo
1433 1963 1542 2031 seculo,
1559 1965 1632 2036 (uam
1645 1979 1698 2034 quo
1709 1965 1762 2022 alio
1776 1966 1857 2024 modo

230 2057 260 2110 et
278 2051 423 2108 secundum
442 2053 524 2109 licum
545 2054 675 2110 babemus
688 2055 736 2110 bas
748 2055 919 2122 affectiones,
940 2056 1019 2127 liujus
1069 2063 1158 2125 potest
1178 2054 1288 2127 intelligi
1311 2069 1467 2125 permanere
1486 2056 1512 2110 in
1526 2055 1653 2111 saeculum
1668 2056 1791 2129 saeculii)
1805 2074 1858 2113 uon

230 2141 295 2198 ritae
307 2151 378 2209 sunt,
390 2159 442 2200 non
455 2145 614 2216 illiusquam
625 2145 738 2201 loturam
750 2160 899 2217 speramus,
910 2157 1020 2220 etsacpe
1070 2158 1111 2204 εει
1121 2148 1200 2208 timor
1209 2158 1347 2204 exterrens
1357 2162 1372 2201 a
1383 2147 1463 2213 malo,
1475 2146 1546 2217 quod
1559 2148 1682 2204 accidere
1695 2158 1798 2218 putest;
1811 2149 1859 2206 scd

230 2232 286 2291 illis
297 2234 376 2291 etiam
390 2235 463 2290 inriti
476 2236 607 2293 cedimus.
621 2237 714 2308 ltaque
727 2237 887 2308 aliquando,
898 2240 1020 2309 quamvis
1041 2228 1045 2234 ’
1070 2247 1165 2296 ιειιεεε
1187 2240 1213 2295 in
1235 2241 1323 2310 bono,
1337 2241 1409 2311 quod
1428 2239 1513 2294 amitti
1534 2254 1587 2295 non
1611 2248 1707 2310 potest.
1722 2239 1771 2296 Ubi
1787 2241 1859 2297 enim

232 2343 287 2385 uon
301 2328 426 2400 culpabili
441 2330 602 2400 cupiditate,
617 2331 666 2387 sed
679 2330 804 2395 laudabili
819 2330 948 2387 charitate
959 2347 1020 2387 mo·
1070 2331 1134 2389 boni
1153 2330 1243 2402 adepti
1257 2346 1332 2387 amor
1346 2329 1519 2387 immutabilis
1533 2339 1590 2396 est,
1606 2329 1745 2401 proiecto,
1761 2331 1785 2387 si
1805 2331 1858 2387 diei

232 2433 352 2486 reamur,
365 2421 443 2477 etiam
459 2421 522 2478 dom
535 2420 675 2486 nolunms,
689 2421 794 2478 demus.
809 2419 944 2478 Habemus
956 2437 1021 2493 ergo
1071 2432 1168 2495 potest,
1177 2421 1240 2478 mali
1250 2423 1360 2479 carendi
1372 2423 1451 2478 timor
1461 2435 1572 2477 securus
1580 2429 1630 2476 est.
1638 2419 1754 2477 'limeris
1763 2422 1861 2493 quippe

232 2527 280 2570 aas
299 2529 333 2570 er
352 2514 477 2571 humanm
497 2514 658 2571 conditionis
677 2514 832 2570 infirmitate
844 2533 851 2566 ε
863 2529 916 2569 uon
932 2523 1021 2569 autem
1071 2513 1138 2570 casti
1150 2513 1258 2569 nomine
1272 2528 1303 2568 ea
1318 2512 1441 2572 voluutas
1454 2510 1600 2582 significata
1615 2518 1666 2577 est,
1683 2526 1734 2581 qua
1748 2524 1797 2566 nos
1812 2526 1861 2568 ne·

232 2603 271 2662 ita
283 2605 411 2661 Dominus
423 2605 517 2672 lesus,
531 2606 607 2677 cujus
621 2607 667 2662 et¹
681 2605 821 2661 infirmitas
836 2604 884 2660 luit
898 2620 931 2660 er
944 2615 1021 2677 pote·
1072 2620 1148 2662 cesse
1161 2605 1212 2660 crit
1226 2604 1297 2661 nolle
1312 2619 1434 2675 peceare,
1448 2613 1476 2660 et
1488 2619 1542 2670 non
1554 2601 1733 2659 sollieitudine
1747 2603 1861 2658 intirmi-

233 2703 313 2754 state,
335 2696 387 2752 Sed
402 2696 464 2753 dum
477 2696 539 2754 ritae
557 2697 636 2769 hujus
656 2698 837 2753 infirmitatem
851 2698 984 2768 gerimus,
999 2697 1022 2752 si
1074 2696 1145 2763 tatis,
1160 2709 1194 2752 ne
1207 2694 1277 2752 lorte
1291 2709 1442 2766 peccemus,
1457 2694 1504 2750 sed
1520 2693 1713 2766 tranquillitate
1725 2693 1863 2752 charitatis

234 2801 282 2849 ιιι
294 2789 404 2845 onrnino
418 2789 502 2845 nullas
516 2789 680 2858 babeamus,
697 2798 760 2846 tune
779 2790 867 2861 potius
883 2806 936 2846 nou
951 2798 1023 2846 recte
1073 2803 1168 2845 carere
1182 2798 1329 2858 peecmum.
1344 2788 1397 2843 dut
1408 2788 1431 2842 si
1443 2787 1541 2843 nullius
1551 2788 1659 2843 omnino
1669 2788 1774 2859 generis
1784 2788 1863 2844 timor

234 2879 360 2937 vivimus.
376 2880 547 2952 vituperabat
559 2882 630 2938 euim
646 2892 673 2938 et
684 2882 865 2939 detestabatur
880 2883 1024 2955 Apostolus
1074 2896 1134 2938 esse
1148 2881 1245 2951 poterit
1258 2880 1283 2935 iu
1298 2880 1342 2935 illa
1356 2880 1506 2936 certissima
1517 2880 1660 2935 securitate
1672 2891 1861 2950 perpetuorum

234 2965 375 3047 quosdam,
386 2987 454 3043 quos
466 2974 546 3029 etiam
559 2989 619 3030 esse
632 2974 699 3030 dixit
713 2975 771 3031 sine
780 2975 921 3032 allectione
934 2975 1022 3046 (Rem.
1074 2971 1242 3043 feliciumque
1254 2972 1409 3044 gaudiorum
1419 2988 1426 3039 3
1437 2973 1477 3028 sic
1487 2970 1588 3027 dictum
1600 2978 1652 3038 est,
1665 2971 1751 3026 Timor
1761 2969 1864 3026 Dondni

235 3077 257 3130 ι,
271 3063 327 3134 dl).
340 3062 462 3134 colpum
475 3065 555 3121 etiam
570 3066 631 3121 illos
644 3081 721 3123 sacer
736 3066 866 3134 l‘salmus,
881 3067 1024 3138 dequibus
1075 3075 1169 3131 ramur,
1184 3080 1331 3136 peruramur
1345 3063 1373 3118 iu
1383 3061 1506 3118 amonium
1519 3060 1608 3116 surculi
1619 3101 1627 3127 ,
1640 3059 1864 3132 quemadmodum

235 3155 405 3223 aibSustiruri
416 3157 460 3225 qui
468 3157 545 3214 cimai
556 3159 758 3224 contristaretur,
773 3166 797 3214 et
811 3174 861 3212 non
873 3157 922 3227 fuit
935 3156 1023 3228 (Psoi.
1074 3154 1235 3223 dictumest,
1253 3154 1380 3208 Patietttie
1395 3169 1532 3226 pauperum
1543 3168 1594 3207 nort
1608 3151 1698 3223 peribit
1707 3151 1735 3206 in
1744 3162 1865 3207 eternam

235 3261 337 3314 usur,
355 3246 413 3321 bl).
431 3248 499 3305 Nam
512 3249 622 3306 omnino
635 3265 687 3306 non
700 3249 803 3318 dolere,
817 3249 880 3306 dum
892 3265 984 3307 sumus
997 3251 1025 3306 in
1076 3245 1160 3318 (Psoi.
1171 3263 1209 3315 rr,
1225 3247 1279 3317 te).
1290 3246 1382 3316 Neque
1393 3244 1464 3300 enirn
1478 3252 1578 3300 aeterna
1591 3242 1643 3299 erit
1656 3243 1712 3315 ipsa
1726 3243 1863 3313 patientia,

220 3411 223 3416 ι
236 3334 288 3396 loe
301 3338 362 3396 loco
374 3340 500 3408 miseriae,
516 3340 644 3411 proiecto,
657 3341 728 3398 sicut
740 3342 846 3412 quidam
860 3343 940 3398 etiam
953 3343 1025 3413 apud
1075 3354 1135 3411 quse
1147 3338 1299 3394 necessaria
1309 3353 1362 3394 non
1376 3345 1428 3403 est,
1439 3335 1491 3391 uisi
1502 3334 1546 3391 ubi
1558 3334 1769 3391 tolerandasunt
1779 3335 1863 3390 mala:

235 3429 329 3486 saculi
350 3428 430 3501 hujus
453 3431 585 3487 litteratos
609 3432 693 3487 sensit
710 3441 738 3488 et
749 3432 817 3489 dixit
829 3431 885 3504 (ε),
895 3448 948 3488 non
967 3433 1025 3491 siue
1076 3435 1125 3492 sed
1138 3444 1269 3491 aternum
1280 3435 1339 3502 erit,
1353 3448 1407 3506 quo
1420 3448 1469 3505 per
1480 3430 1635 3503 patientiam
1650 3428 1814 3499 pervenitur.
1829 3426 1866 3484 lta

236 3536 332 3595 magua
345 3523 468 3579 mercede
480 3523 619 3595 contingit,
630 3525 804 3581 immanitatis
817 3525 843 3579 in
856 3524 956 3592 animo,
967 3534 1025 3581 stu·
1077 3528 1188 3585 sortasse
1209 3527 1291 3584 timer
1309 3535 1399 3583 castus
1420 3525 1447 3581 in
1468 3523 1595 3579 saeculum
1615 3519 1705 3576 saculi
1720 3518 1808 3575 dietus
1825 3523 1867 3580 est

237 3616 311 3685 poris
324 3615 351 3668 iu
365 3607 486 3684 corpore.
499 3615 627 3682 Qrtooirea
642 3615 685 3670 illa
699 3631 759 3685 qure
772 3618 879 3678 deitate
887 3630 973 3687 grance
983 3615 1025 3672 di·
1077 3637 1248 3694 quer-manere,
1263 3621 1325 3693 quia
1338 3618 1364 3675 id
1379 3616 1562 3692 permanebit,
1574 3627 1627 3688 quo
1640 3613 1720 3670 umor
1733 3611 1792 3683 ipse
1804 3625 1866 3682 per·

236 3707 325 3776 citur,
340 3722 400 3777 quac
411 3707 434 3761 si
449 3706 529 3762 latine
543 3714 651 3777 posset,
669 3706 868 3776 impassibilitas
881 3707 1025 3776 diceretur,
1077 3713 1160 3769 ducta.

236 3797 261 3853 si
275 3798 310 3854 ita
323 3796 494 3867 intelligenda
508 3806 550 3853 est
562 3798 606 3869 (iu
621 3798 712 3855 animo
725 3798 840 3868 quippe,
854 3813 908 3855 non
923 3798 950 3854 in
963 3813 1027 3854 cor·
1113 3804 1140 3861 6.
1153 3803 1217 3872 Qum
1229 3817 1289 3858 cum
1304 3801 1341 3856 ita
1354 3799 1425 3867 sint,
1449 3796 1574 3869 qnoniam
1593 3802 1666 3850 recta
1678 3792 1731 3848 rita
1746 3790 1867 3847 ducenda

237 3903 305 3960 pore
316 3888 468 3961 accipitur),
478 3898 509 3947 ut
520 3890 579 3946 siue
594 3890 634 3947 lris
647 3890 833 3951 allectionibus
843 3891 955 3957 uisatur,
968 3908 1027 3963 quaa
1078 3903 1190 3965 estque
1206 3890 1415 3963 perveniendum
1428 3889 1460 3945 sit
1474 3888 1507 3943 ad
1519 3888 1634 3951 beatam,
1650 3896 1744 3940 omnes
1758 3880 1867 3937 allectus

236 3990 331 4043 contra
352 3983 483 4039 rationem
508 3982 632 4039 accidunt
654 3990 825 4055 meritamque
852 3984 1025 4054 perturbant,
1078 3985 1145 4050 istos
1168 3986 1220 4040 rita
1244 3993 1317 4039 recta
1338 3989 1426 4037 rectos
1448 3980 1548 4045 babet,
1568 3990 1694 4048 peruersa
1716 3986 1868 4044 perversos.

237 4073 307 4130 bona
321 4073 401 4146 plane
414 4082 442 4130 ει
456 4075 572 4131 maxime
581 4074 696 4146 optanda
708 4082 766 4143 εει;
782 4075 829 4132 sed
843 4091 893 4132 nec
903 4076 959 4147 ipsa
974 4076 1027 4141 bu·
1078 4078 1157 4136 Βεειε
1168 4091 1232 4132 vero
1245 4074 1390 4145 eademque
1400 4081 1499 4128 aeterna
1511 4083 1631 4124 amorem
1645 4064 1753 4122 babebit
1765 4072 1795 4120 et
1805 4078 1870 4135 gau·

235 4164 281 4239 jos
293 4165 487 4222 acerimum
501 4168 573 4223 enim
584 4167 818 4239 qualiumcumque
828 4167 964 4225 hominum
975 4186 1027 4234 vox
1079 4169 1151 4226 dium
1167 4183 1219 4223 aron
1231 4167 1318 4223 solum
1332 4172 1444 4228 rectum,
1459 4159 1638 4216 verumetiam
1652 4165 1772 4221 certum;
1789 4155 1868 4209 timo·

238 4263 299 4324 est,
312 4254 358 4312 sed
372 4257 487 4313 maxime
501 4256 605 4328 piorum
618 4257 786 4330 multumque
803 4261 936 4329 justorum
950 4268 1029 4332 atque
1079 4277 1136 4320 rem
1156 4269 1244 4315 autem
1258 4274 1291 4314 ao
1313 4256 1432 4313 dolorem
1454 4252 1566 4308 nullum.
1587 4248 1665 4306 Unde
1683 4249 1739 4318 jam
1761 4251 1871 4316 apparet

239 4353 402 4415 sanctorum,
418 4346 449 4402 si
462 4346 598 4404 dixerimus
611 4349 731 4419 quoniam
744 4358 875 4421 peceatum
888 4367 939 4405 ron
953 4351 1029 4408 brief
1079 4363 1237 4424 utcumque,
1253 4349 1344 4422 quales
1355 4361 1415 4404 esse
1428 4345 1542 4401 debeant
1554 4343 1580 4397 in
1593 4340 1644 4396 bae
1657 4337 1870 4410 peregrinatione

239 4452 313 4504 utar,
334 4453 380 4492 nor
398 4438 467 4509 ipses
481 4438 641 4507 emorimur,
661 4449 685 4495 et
704 4442 833 4497 teritorio
846 4442 917 4499 uobis
931 4460 981 4498 rou
994 4450 1029 4499 est
1080 4447 1151 4504 eires
1161 4442 1274 4502 ciuitatis
1289 4441 1353 4507 bei,
1374 4439 1494 4495 virentes
1507 4431 1653 4490 secundum
1667 4429 1801 4501 spiritum,
1817 4440 1870 4481 non

242 4527 353 4600 (idean.
366 4545 386 4598 r,
399 4527 439 4602 8).
452 4529 528 4586 l'une
540 4532 628 4602 itaque
642 4535 747 4588 ἀπάθεια
765 4533 815 4590 ista
836 4535 905 4601 erit,
923 4534 1029 4606 quando
1080 4536 1224 4595 secundnm
1239 4547 1364 4598 earnem,
1388 4530 1439 4585 boe
1459 4535 1518 4593 est,
1541 4523 1686 4581 seeundum
1700 4521 1783 4576 beum
1796 4559 1803 4584 ,
1816 4532 1871 4574 uon

239 4628 378 4696 peceatum
389 4621 415 4676 iu
427 4620 646 4677 hominenullum
654 4622 715 4680 erit.
726 4620 875 4678 liunerero
885 4623 949 4679 satis
961 4623 1029 4691 bene
1081 4628 1225 4687 secuudum
1249 4625 1383 4681 bominem
1400 4638 1408 4676 ι
1423 4631 1449 4676 ει
1464 4619 1556 4688 quales
1568 4618 1596 4672 in
1616 4615 1662 4670 ilia
1679 4627 1733 4685 quo
1747 4610 1870 4675 tendunt,

239 4712 346 4780 uisitur,
359 4714 383 4769 si
396 4714 454 4771 sine
465 4713 576 4770 erimine
592 4728 600 4769 :
618 4714 676 4770 sine
697 4722 808 4784 peccato
825 4724 915 4771 autem
935 4715 979 4786 qui
1000 4731 1030 4777 ιε
1081 4719 1277 4777 immortalitate
1288 4716 1366 4770 loturi
1384 4714 1447 4767 sint.
1471 4708 1570 4766 Civitas
1581 4720 1672 4778 porro,
1687 4705 1713 4760 id
1728 4711 1770 4761 eet
1783 4702 1871 4759 socie·

240 4806 331 4865 rivere
340 4808 483 4874 existimat,
494 4823 546 4864 non
557 4807 583 4864 id
592 4810 655 4878 agit.
667 4817 696 4863 ut
708 4818 843 4878 peccatum
855 4824 909 4866 non
923 4810 1029 4877 lrabeat,
1081 4822 1141 4881 tas,
1156 4810 1297 4883 impiorum
1315 4820 1367 4861 non
1380 4801 1524 4865 secundum
1538 4800 1640 4864 Deum,
1655 4795 1704 4852 sed
1724 4793 1872 4852 secuudum

241 4896 290 4955 sed
304 4906 334 4955 ut
346 4898 450 4954 reniam
464 4913 517 4955 nen
531 4899 652 4970 amipiat.
674 4898 758 4955 Porro
772 4899 795 4954 si
812 4903 919 4955 deterre
933 4900 977 4956 ilia
990 4899 1031 4956 di·
1082 4905 1216 4961 bominem
1228 4900 1417 4965 vicentiumet
1430 4897 1456 4951 in
1467 4893 1604 4966 ipsocultu
1614 4890 1697 4956 salem,
1709 4896 1873 4958 contemptu

242 4989 327 5047 cende
338 4999 390 5058 est,
401 5005 462 5046 cum
471 4991 588 5047 animum
600 4992 610 5023 ¹
624 4990 780 5062 confingere
793 4992 903 5047 omuino
918 5006 970 5047 nou
983 5005 1029 5062 po-
1082 4990 1370 5069 quereradirinitatis.
1385 4987 1519 5044 doctrinas
1531 4982 1670 5040 bominum
1684 4981 1874 5036 daemonumve

241 5088 295 5136 test
308 5080 380 5137 ullus
391 5082 517 5150 affectus,
530 5082 590 5161 quis
603 5082 674 5139 bunc
688 5092 825 5155 stuporem
840 5098 892 5139 uon
907 5084 1031 5140 omnibus
1083 5087 1258 5153 sectantium,
1279 5082 1321 5138 lais
1334 5079 1472 5135 allectibus
1486 5075 1575 5148 praeis
1597 5084 1721 5143 tanquam
1735 5061 1836 5125 rdi'rrbis
1847 5075 1875 5123 et

241 5171 314 5229 ritus
326 5173 427 5244 iudicet
439 5189 498 5231 esse
512 5176 649 5247 pejorem?
670 5177 762 5234 Potest
773 5191 838 5249 ergo
851 5191 903 5232 non
917 5176 1032 5234 absurde
1084 5174 1326 5250 perturbationibus
1338 5171 1465 5242 quatitur.
1481 5167 1550 5223 Etsi
1564 5180 1630 5238 quos
1648 5164 1722 5220 cives
1735 5160 1816 5217 babet
1830 5159 1875 5231 qui

242 5262 298 5321 diei
317 5265 463 5334 perlectam
480 5267 671 5325 beatitudinem
692 5269 752 5325 siue
763 5269 873 5324 stimulo
884 5268 988 5324 timoris
1005 5277 1034 5325 ει
1084 5268 1216 5326 moderari
1235 5265 1331 5321 talibus
1348 5260 1465 5318 motibus
1477 5267 1505 5315 ει
1516 5271 1563 5314 eos
1576 5255 1652 5328 quasi
1670 5263 1821 5324 temperare
1832 5249 1874 5303 vi·

243 5357 303 5414 sine
317 5356 369 5412 ulla
384 5356 491 5413 tristitia
503 5357 619 5417 loturam
639 5378 647 5417 ε
666 5375 720 5416 non
747 5360 783 5418 ibi
803 5371 891 5417 autem
915 5359 1032 5418 loturum
1085 5362 1216 5424 deantur,
1236 5357 1274 5430 sic
1288 5353 1423 5426 impietate
1439 5348 1546 5421 superbi
1563 5357 1590 5404 ει
1601 5346 1665 5403 elati
1677 5351 1758 5412 sunt,
1780 5350 1810 5399 ut
1822 5342 1875 5396 lroe

244 5464 363 5506 amorem
378 5447 557 5521 gaudiumque
568 5452 627 5523 quis
642 5451 756 5521 dixerit,
772 5452 823 5509 nisi
835 5453 907 5508 orrrui
924 5450 1032 5508 nrodoa
1117 5517 1125 5549 ί
1144 5522 1161 5564 Μ
1225 5509 1314 5562 Onnum
1336 5521 1379 5560 m
1391 5505 1466 5570 mma
1474 5502 1542 5555 dm

276 5586 286 5620 ¹
303 5581 470 5645 Panionium,
482 5583 553 5654 abest
562 5596 577 5634 a
586 5591 640 5636 tiss.
651 5584 783 5649 plerisque.
983 5627 988 5637 ,
1117 5579 1127 5610 ¹
1144 5526 1271 5627 risgdflam.
1285 5545 1369 5632 et'tr,
1381 5559 1452 5622 tiator
1463 5564 1534 5631 ptura
1543 5539 1696 5636 superuadere
1705 5565 1750 5614 eat
1765 5565 1832 5629 lot-2
1843 5553 1876 5642 1ἱῖ

276 5648 287 5680 ¹
302 5643 387 5696 eluces
395 5654 553 5706 nasamone.
1085 5634 1438 5700 rerumquererumque
1447 5627 1601 5688 muusmiqtr
1611 5622 1875 5694 errentverbodotter,

245 5706 1033 5826 qpsafflnffimmmwoememm'w
1087 5701 1223 5814 ornum,
1232 5685 1648 5823 ”affirmeffllffiepffl
1680 5751 1710 5798 ι
