<?xml version="1.0" encoding="UTF-8"?>
<!DOCTYPE html PUBLIC "-//W3C//DTD XHTML 1.0 Transitional//EN"
    "http://www.w3.org/TR/xhtml1/DTD/xhtml1-transitional.dtd">
<html xmlns="http://www.w3.org/1999/xhtml" xml:lang="en" lang="en">
 <head>
  <title>
</title>
<meta http-equiv="Content-Type" content="text/html;charset=utf-8" />
  <meta name='ocr-system' content='tesseract 3.04.00' />
  <meta name='ocr-capabilities' content='ocr_page ocr_carea ocr_par ocr_line ocrx_word'/>
</head>
<body>
  <div class='ocr_page' id='page_1' title='image "./sanctiaureliiau04augugoog_0412.png"; bbox 0 0 3900 6390; ppageno 0'>
   <div class='ocr_carea' id='block_1_1' title="bbox 151 278 1814 385">
    <p class='ocr_par' dir='ltr' id='par_1_1' title="bbox 151 278 1814 385">
     <span class='ocr_line' id='line_1_1' title="bbox 151 278 1814 385; baseline -0.011 -16"><span class='ocrx_word' id='word_1_1' title='bbox 151 320 201 384; x_wconf 69' lang='lat' dir='ltr'><strong>set</strong></span> <span class='ocrx_word' id='word_1_2' title='bbox 642 292 1001 367; x_wconf 69' lang='lat' dir='ltr'><strong>quemeumque.</strong></span> <span class='ocrx_word' id='word_1_3' title='bbox 1019 292 1200 358; x_wconf 83' lang='lat' dir='ltr'><strong>sucusrm</strong></span> <span class='ocrx_word' id='word_1_4' title='bbox 1731 278 1814 385; x_wconf 68' lang='lat' dir='ltr'><strong>rep</strong></span> 
     </span>
    </p>
   </div>
   <div class='ocr_carea' id='block_1_2' title="bbox 132 409 1781 1867">
    <p class='ocr_par' dir='ltr' id='par_1_2' title="bbox 132 409 1781 1867">
     <span class='ocr_line' id='line_1_2' title="bbox 152 409 1777 507; baseline -0.017 -14"><span class='ocrx_word' id='word_1_5' title='bbox 152 446 206 505; x_wconf 82' lang='lat' dir='ltr'><strong>tus,</strong></span> <span class='ocrx_word' id='word_1_6' title='bbox 217 448 279 507; x_wconf 79' lang='lat' dir='ltr'><strong>quae</strong></span> <span class='ocrx_word' id='word_1_7' title='bbox 292 430 390 502; x_wconf 80' lang='lat' dir='ltr'><strong>linprtae</strong></span> <span class='ocrx_word' id='word_1_8' title='bbox 401 424 566 485; x_wconf 81' lang='lat' dir='ltr'><strong>romanibus</strong></span> <span class='ocrx_word' id='word_1_9' title='bbox 576 418 703 478; x_wconf 87' lang='lat' dir='ltr'><strong>attributa</strong></span> <span class='ocrx_word' id='word_1_10' title='bbox 714 424 766 482; x_wconf 89' lang='lat' dir='ltr'><strong>est,</strong></span> <span class='ocrx_word' id='word_1_11' title='bbox 779 413 814 470; x_wconf 90' lang='lat' dir='ltr'><strong>ad</strong></span> <span class='ocrx_word' id='word_1_12' title='bbox 826 413 937 482; x_wconf 90' lang='lat' dir='ltr'><strong>loquen·</strong></span> <span class='ocrx_word' id='word_1_13' title='bbox 989 409 1181 480; x_wconf 85' lang='lat' dir='ltr'><strong>snimantium,</strong></span> <span class='ocrx_word' id='word_1_14' title='bbox 1196 427 1310 486; x_wconf 88' lang='lat' dir='ltr'><strong>qucmm</strong></span> <span class='ocrx_word' id='word_1_15' title='bbox 1327 413 1371 473; x_wconf 89' lang='lat' dir='ltr'><strong>illa</strong></span> <span class='ocrx_word' id='word_1_16' title='bbox 1384 415 1444 488; x_wconf 89' lang='lat' dir='ltr'><strong>plus</strong></span> <span class='ocrx_word' id='word_1_17' title='bbox 1455 414 1556 475; x_wconf 82' lang='lat' dir='ltr'><strong>labeni</strong></span> <span class='ocrx_word' id='word_1_18' title='bbox 1575 414 1777 487; x_wconf 68' lang='lat' dir='ltr'><strong>maniatium,</strong></span> 
     </span>
     <span class='ocr_line' id='line_1_3' title="bbox 155 502 1778 588; baseline -0.01 -6"><span class='ocrx_word' id='word_1_19' title='bbox 155 526 220 582; x_wconf 83' lang='lat' dir='ltr'><strong>uum</strong></span> <span class='ocrx_word' id='word_1_20' title='bbox 227 533 255 580; x_wconf 88' lang='lat' dir='ltr'><strong>et</strong></span> <span class='ocrx_word' id='word_1_21' title='bbox 261 520 428 579; x_wconf 88' lang='lat' dir='ltr'><strong>scribendum</strong></span> <span class='ocrx_word' id='word_1_22' title='bbox 438 527 499 588; x_wconf 89' lang='lat' dir='ltr'><strong>apta</strong></span> <span class='ocrx_word' id='word_1_23' title='bbox 508 523 587 585; x_wconf 89' lang='lat' dir='ltr'><strong>atque</strong></span> <span class='ocrx_word' id='word_1_24' title='bbox 595 507 769 573; x_wconf 85' lang='lat' dir='ltr'><strong>couveniens,</strong></span> <span class='ocrx_word' id='word_1_25' title='bbox 779 513 807 561; x_wconf 91' lang='lat' dir='ltr'><strong>et</strong></span> <span class='ocrx_word' id='word_1_26' title='bbox 813 502 846 559; x_wconf 91' lang='lat' dir='ltr'><strong>ad</strong></span> <span class='ocrx_word' id='word_1_27' title='bbox 857 514 937 572; x_wconf 90' lang='lat' dir='ltr'><strong>opera</strong></span> <span class='ocrx_word' id='word_1_28' title='bbox 989 515 1050 574; x_wconf 80' lang='lat' dir='ltr'><strong>quar</strong></span> <span class='ocrx_word' id='word_1_29' title='bbox 1062 505 1141 563; x_wconf 89' lang='lat' dir='ltr'><strong>molis</strong></span> <span class='ocrx_word' id='word_1_30' title='bbox 1153 506 1291 564; x_wconf 87' lang='lat' dir='ltr'><strong>minimum</strong></span> <span class='ocrx_word' id='word_1_31' title='bbox 1302 506 1373 581; x_wconf 67' lang='lat' dir='ltr'><strong>(plu</strong></span> <span class='ocrx_word' id='word_1_32' title='bbox 1385 509 1457 567; x_wconf 87' lang='lat' dir='ltr'><strong>enim</strong></span> <span class='ocrx_word' id='word_1_33' title='bbox 1468 508 1676 568; x_wconf 68' lang='lat' dir='ltr'><strong>formicularum</strong></span> <span class='ocrx_word' id='word_1_34' title='bbox 1685 516 1715 567; x_wconf 83' lang='lat' dir='ltr'><strong>ct</strong></span> <span class='ocrx_word' id='word_1_35' title='bbox 1724 513 1778 584; x_wconf 69' lang='lat' dir='ltr'><strong>api</strong></span> 
     </span>
     <span class='ocr_line' id='line_1_4' title="bbox 132 594 1775 686; baseline 0.015 -71"><span class='ocrx_word' id='word_1_36' title='bbox 132 598 136 607; x_wconf 77' lang='lat'><strong>,</strong></span> <span class='ocrx_word' id='word_1_37' title='bbox 157 620 254 674; x_wconf 73' lang='lat' dir='ltr'><strong>¹rriuru</strong></span> <span class='ocrx_word' id='word_1_38' title='bbox 269 615 438 686; x_wconf 87' lang='lat' dir='ltr'><strong>plurimarum</strong></span> <span class='ocrx_word' id='word_1_39' title='bbox 450 607 651 675; x_wconf 87' lang='lat' dir='ltr'><strong>officiorumque</strong></span> <span class='ocrx_word' id='word_1_40' title='bbox 668 596 833 670; x_wconf 83' lang='lat' dir='ltr'><strong>complenda,</strong></span> <span class='ocrx_word' id='word_1_41' title='bbox 848 606 953 650; x_wconf 90' lang='lat' dir='ltr'><strong>nonne.</strong></span> <span class='ocrx_word' id='word_1_42' title='bbox 989 594 1110 653; x_wconf 78' lang='lat' dir='ltr'><strong>colurna</strong></span> <span class='ocrx_word' id='word_1_43' title='bbox 1121 611 1203 668; x_wconf 90' lang='lat' dir='ltr'><strong>opera</strong></span> <span class='ocrx_word' id='word_1_44' title='bbox 1226 607 1385 671; x_wconf 74' lang='lat' dir='ltr'><strong>stupemus,</strong></span> <span class='ocrx_word' id='word_1_45' title='bbox 1401 615 1482 673; x_wconf 76' lang='lat' dir='ltr'><strong>quam</strong></span> <span class='ocrx_word' id='word_1_46' title='bbox 1506 601 1641 659; x_wconf 63' lang='lat' dir='ltr'><strong>imm</strong></span> <span class='ocrx_word' id='word_1_47' title='bbox 1662 615 1775 674; x_wconf 61' lang='lat' dir='ltr'><strong>mm„</strong></span> 
     </span>
     <span class='ocr_line' id='line_1_5' title="bbox 154 685 1779 775; baseline -0.012 -8"><span class='ocrx_word' id='word_1_48' title='bbox 154 711 219 767; x_wconf 82' lang='lat' dir='ltr'><strong>ratis</strong></span> <span class='ocrx_word' id='word_1_49' title='bbox 230 703 444 775; x_wconf 86' lang='lat' dir='ltr'><strong>ostendit,quali</strong></span> <span class='ocrx_word' id='word_1_50' title='bbox 456 701 552 758; x_wconf 78' lang='lat' dir='ltr'><strong>animae</strong></span> <span class='ocrx_word' id='word_1_51' title='bbox 565 706 593 754; x_wconf 90' lang='lat' dir='ltr'><strong>ut</strong></span> <span class='ocrx_word' id='word_1_52' title='bbox 606 695 719 753; x_wconf 85' lang='lat' dir='ltr'><strong>serviret</strong></span> <span class='ocrx_word' id='word_1_53' title='bbox 732 693 785 747; x_wconf 89' lang='lat' dir='ltr'><strong>tale</strong></span> <span class='ocrx_word' id='word_1_54' title='bbox 797 691 938 757; x_wconf 88' lang='lat' dir='ltr'><strong>sitoorpus</strong></span> <span class='ocrx_word' id='word_1_55' title='bbox 989 685 1173 746; x_wconf 82' lang='lat' dir='ltr'><strong>batenamnr¹</strong></span> <span class='ocrx_word' id='word_1_56' title='bbox 1188 689 1210 764; x_wconf 84' lang='lat'><strong>);</strong></span> <span class='ocrx_word' id='word_1_57' title='bbox 1232 691 1261 748; x_wconf 89' lang='lat' dir='ltr'><strong>iu</strong></span> <span class='ocrx_word' id='word_1_58' title='bbox 1273 691 1358 764; x_wconf 87' lang='lat' dir='ltr'><strong>ipsius</strong></span> <span class='ocrx_word' id='word_1_59' title='bbox 1376 709 1483 767; x_wconf 87' lang='lat' dir='ltr'><strong>quoque</strong></span> <span class='ocrx_word' id='word_1_60' title='bbox 1503 697 1588 754; x_wconf 86' lang='lat' dir='ltr'><strong>utaris</strong></span> <span class='ocrx_word' id='word_1_61' title='bbox 1606 704 1663 753; x_wconf 71' lang='lat' dir='ltr'><strong>lan</strong></span> <span class='ocrx_word' id='word_1_62' title='bbox 1684 695 1779 769; x_wconf 69' lang='lat' dir='ltr'><strong>prendi</strong></span> 
     </span>
     <span class='ocr_line' id='line_1_6' title="bbox 153 779 1777 872; baseline -0.031 -15"><span class='ocrx_word' id='word_1_63' title='bbox 153 797 326 872; x_wconf 76' lang='lat' dir='ltr'><strong>adiunctum?</strong></span> <span class='ocrx_word' id='word_1_64' title='bbox 350 796 505 865; x_wconf 74' lang='lat' dir='ltr'><strong>Quanquam</strong></span> <span class='ocrx_word' id='word_1_65' title='bbox 531 801 559 847; x_wconf 93' lang='lat' dir='ltr'><strong>et</strong></span> <span class='ocrx_word' id='word_1_66' title='bbox 581 786 709 845; x_wconf 88' lang='lat' dir='ltr'><strong>detractis</strong></span> <span class='ocrx_word' id='word_1_67' title='bbox 734 779 938 840; x_wconf 84' lang='lat' dir='ltr'><strong>necessitatibus</strong></span> <span class='ocrx_word' id='word_1_68' title='bbox 989 785 1153 854; x_wconf 59' lang='lat' dir='ltr'><strong>spectaculo,</strong></span> <span class='ocrx_word' id='word_1_69' title='bbox 1168 800 1230 841; x_wconf 62' lang='lat' dir='ltr'><strong>cum</strong></span> <span class='ocrx_word' id='word_1_70' title='bbox 1249 800 1311 844; x_wconf 53' lang='grc' dir='ltr'><strong>κω</strong></span> <span class='ocrx_word' id='word_1_71' title='bbox 1331 786 1591 845; x_wconf 53' lang='lat' dir='ltr'><strong>mmmmm</strong></span> <span class='ocrx_word' id='word_1_72' title='bbox 1604 788 1698 846; x_wconf 55' lang='lat' dir='ltr'><strong>mni,</strong></span> <span class='ocrx_word' id='word_1_73' title='bbox 1708 789 1777 847; x_wconf 53' lang='lat' dir='ltr'>m</span> 
     </span>
     <span class='ocr_line' id='line_1_7' title="bbox 154 875 1778 960; baseline -0.006 -15"><span class='ocrx_word' id='word_1_74' title='bbox 154 887 293 960; x_wconf 85' lang='lat' dir='ltr'><strong>operandi,</strong></span> <span class='ocrx_word' id='word_1_75' title='bbox 304 888 340 941; x_wconf 90' lang='lat' dir='ltr'><strong>ita</strong></span> <span class='ocrx_word' id='word_1_76' title='bbox 352 885 470 941; x_wconf 88' lang='lat' dir='ltr'><strong>omnium</strong></span> <span class='ocrx_word' id='word_1_77' title='bbox 483 881 596 954; x_wconf 84' lang='lat' dir='ltr'><strong>partiunt</strong></span> <span class='ocrx_word' id='word_1_78' title='bbox 609 875 782 948; x_wconf 72' lang='lat' dir='ltr'><strong>congruentia</strong></span> <span class='ocrx_word' id='word_1_79' title='bbox 797 882 939 928; x_wconf 86' lang='lat' dir='ltr'><strong>numerosa</strong></span> <span class='ocrx_word' id='word_1_80' title='bbox 989 875 1126 944; x_wconf 86' lang='lat' dir='ltr'><strong>vestibus,</strong></span> <span class='ocrx_word' id='word_1_81' title='bbox 1138 877 1324 949; x_wconf 87' lang='lat' dir='ltr'><strong>utaliquando</strong></span> <span class='ocrx_word' id='word_1_82' title='bbox 1335 877 1436 944; x_wconf 76' lang='lat' dir='ltr'><strong>viride,</strong></span> <span class='ocrx_word' id='word_1_83' title='bbox 1454 887 1533 950; x_wconf 88' lang='lat' dir='ltr'><strong>atque</strong></span> <span class='ocrx_word' id='word_1_84' title='bbox 1546 878 1600 938; x_wconf 83' lang='lat' dir='ltr'><strong>laos</strong></span> <span class='ocrx_word' id='word_1_85' title='bbox 1612 880 1712 938; x_wconf 84' lang='lat' dir='ltr'><strong>multis</strong></span> <span class='ocrx_word' id='word_1_86' title='bbox 1724 896 1778 939; x_wconf 79' lang='lat' dir='ltr'><strong>mn·</strong></span> 
     </span>
     <span class='ocr_line' id='line_1_8' title="bbox 155 961 1777 1048; baseline -0.028 -13"><span class='ocrx_word' id='word_1_87' title='bbox 155 979 207 1043; x_wconf 88' lang='lat' dir='ltr'><strong>sit,</strong></span> <span class='ocrx_word' id='word_1_88' title='bbox 220 985 248 1033; x_wconf 84' lang='lat' dir='ltr'><strong>ct</strong></span> <span class='ocrx_word' id='word_1_89' title='bbox 265 975 377 1048; x_wconf 86' lang='lat' dir='ltr'><strong>pulclrra</strong></span> <span class='ocrx_word' id='word_1_90' title='bbox 389 973 440 1031; x_wconf 87' lang='lat' dir='ltr'><strong>sibi</strong></span> <span class='ocrx_word' id='word_1_91' title='bbox 455 972 586 1042; x_wconf 74' lang='lat' dir='ltr'><strong>parilitate</strong></span> <span class='ocrx_word' id='word_1_92' title='bbox 598 965 777 1039; x_wconf 86' lang='lat' dir='ltr'><strong>respondeat,</strong></span> <span class='ocrx_word' id='word_1_93' title='bbox 790 969 819 1019; x_wconf 91' lang='lat' dir='ltr'><strong>ut</strong></span> <span class='ocrx_word' id='word_1_94' title='bbox 836 961 939 1018; x_wconf 83' lang='lat' dir='ltr'><strong>nescias</strong></span> <span class='ocrx_word' id='word_1_95' title='bbox 990 963 1043 1031; x_wconf 73' lang='lat' dir='ltr'><strong>dis,</strong></span> <span class='ocrx_word' id='word_1_96' title='bbox 1056 965 1198 1038; x_wconf 64' lang='lat' dir='ltr'><strong>uttqmpqo</strong></span> <span class='ocrx_word' id='word_1_97' title='bbox 1212 982 1393 1039; x_wconf 54' lang='lat' dir='ltr'><strong>purpureum,</strong></span> <span class='ocrx_word' id='word_1_98' title='bbox 1411 968 1552 1041; x_wconf 49' lang='grc' dir='ltr'><strong>,ἥψω</strong></span> <span class='ocrx_word' id='word_1_99' title='bbox 1569 970 1720 1035; x_wconf 57' lang='lat' dir='ltr'><strong>,mm</strong></span> <span class='ocrx_word' id='word_1_100' title='bbox 1727 980 1777 1029; x_wconf 46' lang='lat' dir='ltr'><strong><em>u</em></strong></span> 
     </span>
     <span class='ocr_line' id='line_1_9' title="bbox 155 1052 1777 1133; baseline -0.014 -8"><span class='ocrx_word' id='word_1_101' title='bbox 155 1077 244 1125; x_wconf 72' lang='lat' dir='ltr'><strong>uuum</strong></span> <span class='ocrx_word' id='word_1_102' title='bbox 258 1069 285 1122; x_wconf 93' lang='lat' dir='ltr'><strong>in</strong></span> <span class='ocrx_word' id='word_1_103' title='bbox 307 1083 340 1122; x_wconf 89' lang='lat' dir='ltr'><strong>co</strong></span> <span class='ocrx_word' id='word_1_104' title='bbox 352 1063 491 1122; x_wconf 86' lang='lat' dir='ltr'><strong>condendo</strong></span> <span class='ocrx_word' id='word_1_105' title='bbox 512 1061 599 1131; x_wconf 77' lang='lat' dir='ltr'><strong>maior</strong></span> <span class='ocrx_word' id='word_1_106' title='bbox 608 1059 645 1115; x_wconf 88' lang='lat' dir='ltr'><strong>sit</strong></span> <span class='ocrx_word' id='word_1_107' title='bbox 657 1056 779 1113; x_wconf 80' lang='lat' dir='ltr'><strong>utilitatis</strong></span> <span class='ocrx_word' id='word_1_108' title='bbox 790 1052 879 1109; x_wconf 87' lang='lat' dir='ltr'><strong>babila</strong></span> <span class='ocrx_word' id='word_1_109' title='bbox 894 1065 939 1107; x_wconf 87' lang='lat' dir='ltr'><strong>ra·</strong></span> <span class='ocrx_word' id='word_1_110' title='bbox 989 1052 1074 1125; x_wconf 88' lang='lat' dir='ltr'><strong>Quam</strong></span> <span class='ocrx_word' id='word_1_111' title='bbox 1088 1071 1169 1128; x_wconf 90' lang='lat' dir='ltr'><strong>porro</strong></span> <span class='ocrx_word' id='word_1_112' title='bbox 1189 1056 1380 1115; x_wconf 76' lang='lat' dir='ltr'><strong>delectabiliter</strong></span> <span class='ocrx_word' id='word_1_113' title='bbox 1399 1069 1533 1130; x_wconf 88' lang='lat' dir='ltr'><strong>spectatur</strong></span> <span class='ocrx_word' id='word_1_114' title='bbox 1552 1059 1635 1118; x_wconf 75' lang='lat' dir='ltr'><strong>etism</strong></span> <span class='ocrx_word' id='word_1_115' title='bbox 1654 1061 1777 1133; x_wconf 62' lang='lat' dir='ltr'><strong>qum.</strong></span> 
     </span>
     <span class='ocr_line' id='line_1_10' title="bbox 155 1143 1778 1229; baseline -0.007 -12"><span class='ocrx_word' id='word_1_116' title='bbox 155 1162 204 1227; x_wconf 88' lang='lat' dir='ltr'><strong>tio,</strong></span> <span class='ocrx_word' id='word_1_117' title='bbox 214 1173 293 1229; x_wconf 90' lang='lat' dir='ltr'><strong>quam</strong></span> <span class='ocrx_word' id='word_1_118' title='bbox 304 1157 421 1214; x_wconf 85' lang='lat' dir='ltr'><strong>dosoris.</strong></span> <span class='ocrx_word' id='word_1_119' title='bbox 433 1155 511 1210; x_wconf 80' lang='lat' dir='ltr'><strong>Certe</strong></span> <span class='ocrx_word' id='word_1_120' title='bbox 520 1151 592 1208; x_wconf 87' lang='lat' dir='ltr'><strong>enim</strong></span> <span class='ocrx_word' id='word_1_121' title='bbox 606 1147 673 1205; x_wconf 87' lang='lat' dir='ltr'><strong>nibil</strong></span> <span class='ocrx_word' id='word_1_122' title='bbox 687 1154 807 1203; x_wconf 84' lang='lat' dir='ltr'><strong>creatum</strong></span> <span class='ocrx_word' id='word_1_123' title='bbox 820 1143 940 1200; x_wconf 86' lang='lat' dir='ltr'><strong>ridemus</strong></span> <span class='ocrx_word' id='word_1_124' title='bbox 991 1163 1104 1222; x_wconf 76' lang='lat' dir='ltr'><strong>uimque</strong></span> <span class='ocrx_word' id='word_1_125' title='bbox 1116 1149 1247 1218; x_wconf 83' lang='lat' dir='ltr'><strong>turbatur,</strong></span> <span class='ocrx_word' id='word_1_126' title='bbox 1260 1160 1289 1207; x_wconf 89' lang='lat' dir='ltr'><strong>et</strong></span> <span class='ocrx_word' id='word_1_127' title='bbox 1303 1151 1333 1206; x_wconf 88' lang='lat' dir='ltr'><strong>fit</strong></span> <span class='ocrx_word' id='word_1_128' title='bbox 1346 1150 1503 1224; x_wconf 82' lang='lat' dir='ltr'><strong>indemaior</strong></span> <span class='ocrx_word' id='word_1_129' title='bbox 1514 1153 1654 1221; x_wconf 69' lang='lat' dir='ltr'><strong>suarim,</strong></span> <span class='ocrx_word' id='word_1_130' title='bbox 1667 1153 1731 1225; x_wconf 88' lang='lat' dir='ltr'><strong>quia</strong></span> <span class='ocrx_word' id='word_1_131' title='bbox 1740 1155 1778 1212; x_wconf 81' lang='lat' dir='ltr'><strong>ste</strong></span> 
     </span>
     <span class='ocr_line' id='line_1_11' title="bbox 155 1232 1779 1318; baseline -0.004 -13"><span class='ocrx_word' id='word_1_132' title='bbox 155 1250 185 1305; x_wconf 92' lang='lat' dir='ltr'><strong>in</strong></span> <span class='ocrx_word' id='word_1_133' title='bbox 197 1263 309 1318; x_wconf 88' lang='lat' dir='ltr'><strong>corpore</strong></span> <span class='ocrx_word' id='word_1_134' title='bbox 330 1245 449 1302; x_wconf 81' lang='lat' dir='ltr'><strong>utilitatis</strong></span> <span class='ocrx_word' id='word_1_135' title='bbox 462 1257 541 1300; x_wconf 83' lang='lat' dir='ltr'><strong>causa</strong></span> <span class='ocrx_word' id='word_1_136' title='bbox 553 1281 562 1309; x_wconf 91' lang='lat'><strong>,</strong></span> <span class='ocrx_word' id='word_1_137' title='bbox 576 1238 647 1311; x_wconf 90' lang='lat' dir='ltr'><strong>quod</strong></span> <span class='ocrx_word' id='word_1_138' title='bbox 669 1252 723 1293; x_wconf 91' lang='lat' dir='ltr'><strong>nou</strong></span> <span class='ocrx_word' id='word_1_139' title='bbox 744 1235 842 1292; x_wconf 85' lang='lat' dir='ltr'><strong>babeat</strong></span> <span class='ocrx_word' id='word_1_140' title='bbox 858 1232 940 1290; x_wconf 85' lang='lat' dir='ltr'><strong>ctiam</strong></span> <span class='ocrx_word' id='word_1_141' title='bbox 990 1238 1124 1298; x_wconf 73' lang='lat' dir='ltr'><strong>demulcet</strong></span> <span class='ocrx_word' id='word_1_142' title='bbox 1144 1242 1313 1311; x_wconf 82' lang='lat' dir='ltr'><strong>intuentem,</strong></span> <span class='ocrx_word' id='word_1_143' title='bbox 1327 1253 1356 1301; x_wconf 92' lang='lat' dir='ltr'><strong>nt</strong></span> <span class='ocrx_word' id='word_1_144' title='bbox 1376 1258 1430 1301; x_wconf 87' lang='lat' dir='ltr'><strong>non</strong></span> <span class='ocrx_word' id='word_1_145' title='bbox 1446 1245 1531 1316; x_wconf 83' lang='lat' dir='ltr'><strong>jactet</strong></span> <span class='ocrx_word' id='word_1_146' title='bbox 1542 1255 1571 1304; x_wconf 90' lang='lat' dir='ltr'><strong>et</strong></span> <span class='ocrx_word' id='word_1_147' title='bbox 1584 1245 1692 1318; x_wconf 87' lang='lat' dir='ltr'><strong>quatiat</strong></span> <span class='ocrx_word' id='word_1_148' title='bbox 1710 1247 1779 1304; x_wconf 83' lang='lat' dir='ltr'><strong>uari·</strong></span> 
     </span>
     <span class='ocr_line' id='line_1_12' title="bbox 156 1315 1779 1409; baseline -0.011 -14"><span class='ocrx_word' id='word_1_149' title='bbox 156 1339 262 1396; x_wconf 90' lang='lat' dir='ltr'><strong>decoris</strong></span> <span class='ocrx_word' id='word_1_150' title='bbox 276 1338 374 1396; x_wconf 87' lang='lat' dir='ltr'><strong>locum.</strong></span> <span class='ocrx_word' id='word_1_151' title='bbox 387 1336 450 1392; x_wconf 85' lang='lat' dir='ltr'><strong>Plus</strong></span> <span class='ocrx_word' id='word_1_152' title='bbox 465 1344 554 1389; x_wconf 89' lang='lat' dir='ltr'><strong>autem</strong></span> <span class='ocrx_word' id='word_1_153' title='bbox 565 1329 644 1386; x_wconf 89' lang='lat' dir='ltr'><strong>nobis</strong></span> <span class='ocrx_word' id='word_1_154' title='bbox 654 1328 682 1385; x_wconf 92' lang='lat' dir='ltr'><strong>ld</strong></span> <span class='ocrx_word' id='word_1_155' title='bbox 694 1333 842 1399; x_wconf 87' lang='lat' dir='ltr'><strong>appareret,</strong></span> <span class='ocrx_word' id='word_1_156' title='bbox 857 1325 879 1380; x_wconf 91' lang='lat' dir='ltr'><strong>si</strong></span> <span class='ocrx_word' id='word_1_157' title='bbox 891 1339 941 1379; x_wconf 88' lang='lat' dir='ltr'><strong>mr-</strong></span> <span class='ocrx_word' id='word_1_158' title='bbox 990 1332 1111 1403; x_wconf 75' lang='lat' dir='ltr'><strong>qsnternf</strong></span> <span class='ocrx_word' id='word_1_159' title='bbox 1122 1331 1191 1401; x_wconf 85' lang='lat' dir='ltr'><strong>Quid</strong></span> <span class='ocrx_word' id='word_1_160' title='bbox 1205 1334 1325 1391; x_wconf 87' lang='lat' dir='ltr'><strong>ciborum</strong></span> <span class='ocrx_word' id='word_1_161' title='bbox 1338 1351 1527 1409; x_wconf 72' lang='lat' dir='ltr'><strong>usquequaque</strong></span> <span class='ocrx_word' id='word_1_162' title='bbox 1542 1315 1623 1408; x_wconf 61' lang='lat' dir='ltr'><strong>eopse</strong></span> <span class='ocrx_word' id='word_1_163' title='bbox 1633 1345 1731 1395; x_wconf 64' lang='lat' dir='ltr'><strong>men</strong></span> <span class='ocrx_word' id='word_1_164' title='bbox 1741 1335 1779 1395; x_wconf 64' lang='lat' dir='ltr'><strong>p.</strong></span> 
     </span>
     <span class='ocr_line' id='line_1_13' title="bbox 157 1423 1780 1500; baseline -0.004 -11"><span class='ocrx_word' id='word_1_165' title='bbox 157 1445 247 1488; x_wconf 80' lang='lat' dir='ltr'><strong>meros</strong></span> <span class='ocrx_word' id='word_1_166' title='bbox 260 1443 443 1485; x_wconf 86' lang='lat' dir='ltr'><strong>mensurarum</strong></span> <span class='ocrx_word' id='word_1_167' title='bbox 453 1467 462 1495; x_wconf 91' lang='lat'><strong>,</strong></span> <span class='ocrx_word' id='word_1_168' title='bbox 471 1425 567 1497; x_wconf 87' lang='lat' dir='ltr'><strong>quibus</strong></span> <span class='ocrx_word' id='word_1_169' title='bbox 581 1423 651 1479; x_wconf 88' lang='lat' dir='ltr'><strong>iuter</strong></span> <span class='ocrx_word' id='word_1_170' title='bbox 664 1435 694 1478; x_wconf 89' lang='lat' dir='ltr'><strong>se</strong></span> <span class='ocrx_word' id='word_1_171' title='bbox 708 1427 801 1477; x_wconf 88' lang='lat' dir='ltr'><strong>concta</strong></span> <span class='ocrx_word' id='word_1_172' title='bbox 820 1432 939 1474; x_wconf 81' lang='lat' dir='ltr'><strong>eonnera</strong></span> <span class='ocrx_word' id='word_1_173' title='bbox 991 1437 1063 1489; x_wconf 83' lang='lat' dir='ltr'><strong>mem</strong></span> <span class='ocrx_word' id='word_1_174' title='bbox 1074 1423 1087 1480; x_wconf 82' lang='lat' dir='ltr'><strong>t</strong></span> <span class='ocrx_word' id='word_1_175' title='bbox 1098 1423 1162 1495; x_wconf 77' lang='lat' dir='ltr'><strong>quit</strong></span> <span class='ocrx_word' id='word_1_176' title='bbox 1174 1438 1299 1496; x_wconf 85' lang='lat' dir='ltr'><strong>saporum</strong></span> <span class='ocrx_word' id='word_1_177' title='bbox 1312 1426 1452 1484; x_wconf 77' lang='lat' dir='ltr'><strong>diversitas</strong></span> <span class='ocrx_word' id='word_1_178' title='bbox 1462 1434 1555 1485; x_wconf 86' lang='lat' dir='ltr'><strong>contra</strong></span> <span class='ocrx_word' id='word_1_179' title='bbox 1566 1425 1720 1500; x_wconf 79' lang='lat' dir='ltr'><strong>fasddfum,</strong></span> <span class='ocrx_word' id='word_1_180' title='bbox 1732 1443 1780 1486; x_wconf 83' lang='grc' dir='ltr'>ιιι-</span> 
     </span>
     <span class='ocr_line' id='line_1_14' title="bbox 157 1509 1781 1591; baseline -0.023 -14"><span class='ocrx_word' id='word_1_181' title='bbox 157 1528 223 1576; x_wconf 82' lang='lat' dir='ltr'><strong>aunt</strong></span> <span class='ocrx_word' id='word_1_182' title='bbox 234 1527 262 1576; x_wconf 92' lang='lat' dir='ltr'><strong>et</strong></span> <span class='ocrx_word' id='word_1_183' title='bbox 273 1526 404 1588; x_wconf 86' lang='lat' dir='ltr'><strong>coaptata,</strong></span> <span class='ocrx_word' id='word_1_184' title='bbox 416 1526 651 1584; x_wconf 76' lang='lat' dir='ltr'><strong>trossemuscquos</strong></span> <span class='ocrx_word' id='word_1_185' title='bbox 663 1510 776 1566; x_wconf 82' lang='lat' dir='ltr'><strong>forsitan</strong></span> <span class='ocrx_word' id='word_1_186' title='bbox 786 1509 847 1564; x_wconf 86' lang='lat' dir='ltr'><strong>dara</strong></span> <span class='ocrx_word' id='word_1_187' title='bbox 859 1521 940 1578; x_wconf 87' lang='lat' dir='ltr'><strong>opera</strong></span> <span class='ocrx_word' id='word_1_188' title='bbox 991 1523 1058 1572; x_wconf 62' lang='lat' dir='ltr'><strong>tum</strong></span> <span class='ocrx_word' id='word_1_189' title='bbox 1071 1515 1168 1574; x_wconf 62' lang='lat' dir='ltr'><strong>atqu„</strong></span> <span class='ocrx_word' id='word_1_190' title='bbox 1188 1517 1317 1587; x_wconf 54' lang='lat' dir='ltr'><strong>divium,</strong></span> <span class='ocrx_word' id='word_1_191' title='bbox 1329 1535 1382 1576; x_wconf 65' lang='lat' dir='ltr'><strong>no„</strong></span> <span class='ocrx_word' id='word_1_192' title='bbox 1395 1524 1541 1591; x_wconf 54' lang='lat' dir='ltr'><strong>,mmm</strong></span> <span class='ocrx_word' id='word_1_193' title='bbox 1555 1528 1618 1578; x_wconf 54' lang='lat' dir='ltr'><strong>me</strong></span> <span class='ocrx_word' id='word_1_194' title='bbox 1636 1535 1674 1578; x_wconf 53' lang='grc' dir='ltr'><strong>ω</strong></span> <span class='ocrx_word' id='word_1_195' title='bbox 1690 1521 1781 1580; x_wconf 59' lang='lat' dir='ltr'><strong>hm</strong></span> 
     </span>
     <span class='ocr_line' id='line_1_15' title="bbox 160 1595 1781 1678; baseline -0.026 -13"><span class='ocrx_word' id='word_1_196' title='bbox 160 1609 189 1665; x_wconf 91' lang='lat' dir='ltr'><strong>in</strong></span> <span class='ocrx_word' id='word_1_197' title='bbox 204 1609 246 1664; x_wconf 87' lang='lat' dir='ltr'><strong>bis</strong></span> <span class='ocrx_word' id='word_1_198' title='bbox 259 1625 318 1678; x_wconf 85' lang='lat' dir='ltr'><strong>quse</strong></span> <span class='ocrx_word' id='word_1_199' title='bbox 330 1608 394 1662; x_wconf 90' lang='lat' dir='ltr'><strong>foris</strong></span> <span class='ocrx_word' id='word_1_200' title='bbox 407 1607 535 1672; x_wconf 84' lang='lat' dir='ltr'><strong>eminent,</strong></span> <span class='ocrx_word' id='word_1_201' title='bbox 552 1604 666 1658; x_wconf 84' lang='lat' dir='ltr'><strong>frumans</strong></span> <span class='ocrx_word' id='word_1_202' title='bbox 682 1607 774 1672; x_wconf 88' lang='lat' dir='ltr'><strong>posset</strong></span> <span class='ocrx_word' id='word_1_203' title='bbox 789 1595 939 1669; x_wconf 81' lang='lat' dir='ltr'><strong>restipare¹</strong></span> <span class='ocrx_word' id='word_1_204' title='bbox 991 1608 1122 1677; x_wconf 56' lang='lat' dir='ltr'><strong>(¹122,pr</strong></span> <span class='ocrx_word' id='word_1_205' title='bbox 1140 1608 1243 1678; x_wconf 59' lang='lat' dir='ltr'><strong>Qum</strong></span> <span class='ocrx_word' id='word_1_206' title='bbox 1257 1610 1284 1665; x_wconf 64' lang='lat'><strong>5„</strong></span> <span class='ocrx_word' id='word_1_207' title='bbox 1298 1619 1351 1666; x_wconf 51' lang='lat' dir='ltr'><strong>,am</strong></span> <span class='ocrx_word' id='word_1_208' title='bbox 1366 1611 1458 1667; x_wconf 62' lang='lat' dir='ltr'><strong>mum,</strong></span> <span class='ocrx_word' id='word_1_209' title='bbox 1476 1610 1557 1668; x_wconf 49' lang='lat' dir='ltr'>rebus</span> <span class='ocrx_word' id='word_1_210' title='bbox 1573 1611 1686 1669; x_wconf 47' lang='lat' dir='ltr'><strong>,mh</strong></span> <span class='ocrx_word' id='word_1_211' title='bbox 1698 1626 1732 1670; x_wconf 48' lang='lat' dir='ltr'>a</span> <span class='ocrx_word' id='word_1_212' title='bbox 1742 1627 1781 1670; x_wconf 51' lang='grc' dir='ltr'><em>η</em></span> 
     </span>
     <span class='ocr_line' id='line_1_16' title="bbox 159 1690 1779 1788; baseline -0.028 -30"><span class='ocrx_word' id='word_1_213' title='bbox 159 1701 288 1788; x_wconf 75' lang='lat' dir='ltr'><strong>solertia;</strong></span> <span class='ocrx_word' id='word_1_214' title='bbox 309 1714 369 1771; x_wconf 85' lang='lat' dir='ltr'><strong>quas</strong></span> <span class='ocrx_word' id='word_1_215' title='bbox 382 1712 447 1754; x_wconf 85' lang='lat' dir='ltr'><strong>vero</strong></span> <span class='ocrx_word' id='word_1_216' title='bbox 460 1706 529 1753; x_wconf 90' lang='lat' dir='ltr'><strong>tecta</strong></span> <span class='ocrx_word' id='word_1_217' title='bbox 553 1702 616 1752; x_wconf 91' lang='lat' dir='ltr'><strong>sunt</strong></span> <span class='ocrx_word' id='word_1_218' title='bbox 630 1735 638 1761; x_wconf 95' lang='lat'><strong>,</strong></span> <span class='ocrx_word' id='word_1_219' title='bbox 653 1701 734 1763; x_wconf 87' lang='lat' dir='ltr'><strong>atquc</strong></span> <span class='ocrx_word' id='word_1_220' title='bbox 755 1690 884 1746; x_wconf 88' lang='lat' dir='ltr'><strong>unosrrls</strong></span> <span class='ocrx_word' id='word_1_221' title='bbox 896 1703 940 1743; x_wconf 88' lang='lat' dir='ltr'><strong>ro·</strong></span> <span class='ocrx_word' id='word_1_222' title='bbox 991 1701 1153 1768; x_wconf 59' lang='lat' dir='ltr'><strong>eumd„</strong></span> <span class='ocrx_word' id='word_1_223' title='bbox 1165 1699 1176 1732; x_wconf 83' lang='lat' dir='ltr'><strong>r</strong></span> <span class='ocrx_word' id='word_1_224' title='bbox 1188 1699 1283 1757; x_wconf 49' lang='lat' dir='ltr'><strong>snm„</strong></span> <span class='ocrx_word' id='word_1_225' title='bbox 1295 1702 1416 1758; x_wconf 55' lang='lat' dir='ltr'><strong>,uxum</strong></span> <span class='ocrx_word' id='word_1_226' title='bbox 1427 1703 1513 1773; x_wconf 54' lang='lat' dir='ltr'><strong>Quam</strong></span> <span class='ocrx_word' id='word_1_227' title='bbox 1527 1693 1602 1775; x_wconf 58' lang='lat' dir='ltr'><strong><em>m</em></strong></span> <span class='ocrx_word' id='word_1_228' title='bbox 1620 1704 1779 1762; x_wconf 55' lang='lat' dir='ltr'><strong>mm</strong></span> 
     </span>
     <span class='ocr_line' id='line_1_17' title="bbox 145 1782 1780 1867; baseline 0.007 -72"><span class='ocrx_word' id='word_1_229' title='bbox 145 1791 232 1846; x_wconf 60' lang='lat' dir='ltr'><strong>mota</strong></span> <span class='ocrx_word' id='word_1_230' title='bbox 243 1790 440 1860; x_wconf 87' lang='lat' dir='ltr'><strong>conspectibus,</strong></span> <span class='ocrx_word' id='word_1_231' title='bbox 455 1786 534 1843; x_wconf 88' lang='lat' dir='ltr'><strong>sicuti</strong></span> <span class='ocrx_word' id='word_1_232' title='bbox 550 1795 591 1841; x_wconf 88' lang='lat' dir='ltr'><strong>cst</strong></span> <span class='ocrx_word' id='word_1_233' title='bbox 604 1793 677 1841; x_wconf 75' lang='lat' dir='ltr'><strong>unta</strong></span> <span class='ocrx_word' id='word_1_234' title='bbox 691 1782 850 1856; x_wconf 73' lang='lat' dir='ltr'><strong>perplexitas</strong></span> <span class='ocrx_word' id='word_1_235' title='bbox 863 1794 942 1836; x_wconf 82' lang='lat' dir='ltr'><strong>retra·</strong></span> <span class='ocrx_word' id='word_1_236' title='bbox 992 1788 1044 1846; x_wconf 57' lang='grc' dir='ltr'><strong>(κρῆ</strong></span> <span class='ocrx_word' id='word_1_237' title='bbox 1069 1789 1228 1847; x_wconf 57' lang='lat' dir='ltr'><strong>,rmum</strong></span> <span class='ocrx_word' id='word_1_238' title='bbox 1251 1800 1279 1848; x_wconf 59' lang='lat' dir='ltr'><strong>e,</strong></span> <span class='ocrx_word' id='word_1_239' title='bbox 1304 1793 1409 1850; x_wconf 57' lang='lat' dir='ltr'><strong>mm</strong></span> <span class='ocrx_word' id='word_1_240' title='bbox 1423 1794 1556 1851; x_wconf 48' lang='lat' dir='ltr'><strong>Auum</strong></span> <span class='ocrx_word' id='word_1_241' title='bbox 1575 1809 1659 1867; x_wconf 63' lang='lat' dir='ltr'><strong>qm</strong></span> <span class='ocrx_word' id='word_1_242' title='bbox 1683 1795 1780 1853; x_wconf 60' lang='lat' dir='ltr'><em>m</em></span> 
     </span>
    </p>
   </div>
   <div class='ocr_carea' id='block_1_3' title="bbox 31 5888 104 5984">
    <p class='ocr_par' dir='ltr' id='par_1_3' title="bbox 31 5888 104 5984">
     <span class='ocr_line' id='line_1_18' title="bbox 31 5888 104 5984; baseline 0 0"><span class='ocrx_word' id='word_1_243' title='bbox 31 5888 104 5984; x_wconf 60' lang='grc' dir='ltr'>ἱ</span> 
     </span>
    </p>
   </div>
   <div class='ocr_carea' id='block_1_4' title="bbox 158 1871 951 5211">
    <p class='ocr_par' dir='ltr' id='par_1_4' title="bbox 158 1871 949 4775">
     <span class='ocr_line' id='line_1_19' title="bbox 159 1871 940 1949; baseline -0.013 -14"><span class='ocrx_word' id='word_1_244' title='bbox 159 1895 220 1935; x_wconf 85' lang='grc' dir='ltr'>ιιιιιι</span> <span class='ocrx_word' id='word_1_245' title='bbox 234 1887 314 1949; x_wconf 86' lang='lat' dir='ltr'><strong>atque</strong></span> <span class='ocrx_word' id='word_1_246' title='bbox 328 1892 472 1934; x_wconf 78' lang='lat' dir='ltr'><strong>nervorum</strong></span> <span class='ocrx_word' id='word_1_247' title='bbox 487 1885 514 1934; x_wconf 89' lang='lat' dir='ltr'><strong>et</strong></span> <span class='ocrx_word' id='word_1_248' title='bbox 527 1877 670 1941; x_wconf 84' lang='lat' dir='ltr'><strong>viscerum,</strong></span> <span class='ocrx_word' id='word_1_249' title='bbox 684 1881 788 1930; x_wconf 87' lang='lat' dir='ltr'><strong>secreta</strong></span> <span class='ocrx_word' id='word_1_250' title='bbox 803 1871 940 1936; x_wconf 81' lang='lat' dir='ltr'><strong>vitalium,</strong></span> 
     </span>
     <span class='ocr_line' id='line_1_20' title="bbox 159 1963 942 2042; baseline -0.011 -17"><span class='ocrx_word' id='word_1_251' title='bbox 159 1970 280 2026; x_wconf 84' lang='lat' dir='ltr'><strong>invenire</strong></span> <span class='ocrx_word' id='word_1_252' title='bbox 292 1972 379 2026; x_wconf 80' lang='lat' dir='ltr'><strong>nullus</strong></span> <span class='ocrx_word' id='word_1_253' title='bbox 399 1978 496 2042; x_wconf 89' lang='lat' dir='ltr'><strong>potest.</strong></span> <span class='ocrx_word' id='word_1_254' title='bbox 508 1969 575 2038; x_wconf 83' lang='lat' dir='ltr'><strong>Quia</strong></span> <span class='ocrx_word' id='word_1_255' title='bbox 593 1967 644 2023; x_wconf 88' lang='lat' dir='ltr'><strong>etsi</strong></span> <span class='ocrx_word' id='word_1_256' title='bbox 654 1965 818 2023; x_wconf 86' lang='lat' dir='ltr'><strong>medicorum</strong></span> <span class='ocrx_word' id='word_1_257' title='bbox 828 1963 942 2033; x_wconf 75' lang='lat' dir='ltr'><strong>diligen·</strong></span> 
     </span>
     <span class='ocr_line' id='line_1_21' title="bbox 159 2054 943 2133; baseline -0.02 -9"><span class='ocrx_word' id='word_1_258' title='bbox 159 2062 194 2128; x_wconf 77' lang='grc' dir='ltr'><strong>ιιι</strong></span> <span class='ocrx_word' id='word_1_259' title='bbox 210 2063 335 2123; x_wconf 79' lang='lat' dir='ltr'><strong>nonnum</strong></span> <span class='ocrx_word' id='word_1_260' title='bbox 349 2062 475 2129; x_wconf 87' lang='lat' dir='ltr'><strong>crudelis,</strong></span> <span class='ocrx_word' id='word_1_261' title='bbox 489 2058 728 2133; x_wconf 85' lang='lat' dir='ltr'><strong>quosauatomicos</strong></span> <span class='ocrx_word' id='word_1_262' title='bbox 745 2055 890 2128; x_wconf 74' lang='lat' dir='ltr'><strong>appeltam,</strong></span> <span class='ocrx_word' id='word_1_263' title='bbox 903 2054 943 2109; x_wconf 91' lang='lat' dir='ltr'><strong>la·</strong></span> 
     </span>
     <span class='ocr_line' id='line_1_22' title="bbox 158 2148 943 2229; baseline -0.02 -13"><span class='ocrx_word' id='word_1_264' title='bbox 158 2165 240 2219; x_wconf 82' lang='grc' dir='ltr'>ιιιιιιι</span> <span class='ocrx_word' id='word_1_265' title='bbox 252 2170 366 2229; x_wconf 74' lang='lat' dir='ltr'><strong>mrpurra</strong></span> <span class='ocrx_word' id='word_1_266' title='bbox 391 2162 576 2218; x_wconf 88' lang='lat' dir='ltr'><strong>mortuorum,</strong></span> <span class='ocrx_word' id='word_1_267' title='bbox 591 2151 650 2206; x_wconf 88' lang='lat' dir='ltr'><strong>sire</strong></span> <span class='ocrx_word' id='word_1_268' title='bbox 667 2148 748 2206; x_wconf 87' lang='lat' dir='ltr'><strong>etiam</strong></span> <span class='ocrx_word' id='word_1_269' title='bbox 761 2149 830 2202; x_wconf 91' lang='lat' dir='ltr'><strong>inter</strong></span> <span class='ocrx_word' id='word_1_270' title='bbox 848 2158 943 2201; x_wconf 87' lang='lat' dir='ltr'><strong>marrus</strong></span> 
     </span>
     <span class='ocr_line' id='line_1_23' title="bbox 158 2237 942 2325; baseline -0.031 -12"><span class='ocrx_word' id='word_1_271' title='bbox 158 2256 275 2312; x_wconf 86' lang='lat' dir='ltr'><strong>secantis</strong></span> <span class='ocrx_word' id='word_1_272' title='bbox 289 2243 534 2325; x_wconf 71' lang='lat' dir='ltr'><strong>perscrutantisque</strong></span> <span class='ocrx_word' id='word_1_273' title='bbox 543 2240 712 2301; x_wconf 87' lang='lat' dir='ltr'><strong>morientium</strong></span> <span class='ocrx_word' id='word_1_274' title='bbox 722 2280 730 2305; x_wconf 92' lang='lat'>‚</span> <span class='ocrx_word' id='word_1_275' title='bbox 741 2247 820 2309; x_wconf 87' lang='lat' dir='ltr'><strong>atque</strong></span> <span class='ocrx_word' id='word_1_276' title='bbox 833 2237 859 2292; x_wconf 93' lang='lat' dir='ltr'><strong>ln</strong></span> <span class='ocrx_word' id='word_1_277' title='bbox 881 2250 942 2290; x_wconf 81' lang='lat' dir='ltr'><strong>car·</strong></span> 
     </span>
     <span class='ocr_line' id='line_1_24' title="bbox 158 2325 943 2400; baseline -0.027 1"><span class='ocrx_word' id='word_1_278' title='bbox 158 2345 237 2400; x_wconf 89' lang='lat' dir='ltr'><strong>nibus</strong></span> <span class='ocrx_word' id='word_1_279' title='bbox 249 2344 371 2399; x_wconf 81' lang='lat' dir='ltr'><strong>humanis</strong></span> <span class='ocrx_word' id='word_1_280' title='bbox 382 2343 448 2398; x_wconf 88' lang='lat' dir='ltr'><strong>satis</strong></span> <span class='ocrx_word' id='word_1_281' title='bbox 469 2340 614 2396; x_wconf 81' lang='lat' dir='ltr'><strong>inhumane</strong></span> <span class='ocrx_word' id='word_1_282' title='bbox 632 2330 721 2387; x_wconf 89' lang='lat' dir='ltr'><strong>abdita</strong></span> <span class='ocrx_word' id='word_1_283' title='bbox 742 2336 837 2385; x_wconf 87' lang='lat' dir='ltr'><strong>enrrcta</strong></span> <span class='ocrx_word' id='word_1_284' title='bbox 848 2325 943 2382; x_wconf 88' lang='lat' dir='ltr'><strong>rimata</strong></span> 
     </span>
     <span class='ocr_line' id='line_1_25' title="bbox 158 2417 944 2504; baseline -0.024 -13"><span class='ocrx_word' id='word_1_285' title='bbox 158 2443 211 2501; x_wconf 88' lang='lat' dir='ltr'><strong>cst,</strong></span> <span class='ocrx_word' id='word_1_286' title='bbox 221 2443 250 2489; x_wconf 92' lang='lat' dir='ltr'><strong>ut</strong></span> <span class='ocrx_word' id='word_1_287' title='bbox 259 2432 334 2504; x_wconf 90' lang='lat' dir='ltr'><strong>quid,</strong></span> <span class='ocrx_word' id='word_1_288' title='bbox 343 2442 370 2488; x_wconf 89' lang='lat' dir='ltr'><strong>et</strong></span> <span class='ocrx_word' id='word_1_289' title='bbox 379 2421 626 2502; x_wconf 89' lang='lat' dir='ltr'><strong>quomodo,quibus</strong></span> <span class='ocrx_word' id='word_1_290' title='bbox 635 2418 701 2477; x_wconf 86' lang='lat' dir='ltr'><strong>locis</strong></span> <span class='ocrx_word' id='word_1_291' title='bbox 712 2417 858 2475; x_wconf 90' lang='lat' dir='ltr'><strong>curandum</strong></span> <span class='ocrx_word' id='word_1_292' title='bbox 872 2424 944 2473; x_wconf 88' lang='lat' dir='ltr'><strong>essct</strong></span> 
     </span>
     <span class='ocr_line' id='line_1_26' title="bbox 160 2506 944 2590; baseline -0.024 -11"><span class='ocrx_word' id='word_1_293' title='bbox 160 2525 311 2581; x_wconf 81' lang='lat' dir='ltr'><strong>addisceret</strong></span> <span class='ocrx_word' id='word_1_294' title='bbox 324 2540 332 2590; x_wconf 91' lang='lat'><strong>;</strong></span> <span class='ocrx_word' id='word_1_295' title='bbox 348 2535 474 2578; x_wconf 88' lang='lat' dir='ltr'><strong>numeros</strong></span> <span class='ocrx_word' id='word_1_296' title='bbox 488 2529 576 2575; x_wconf 75' lang='lat' dir='ltr'><strong>minen</strong></span> <span class='ocrx_word' id='word_1_297' title='bbox 599 2510 743 2583; x_wconf 90' lang='lat' dir='ltr'><strong>dequibus</strong></span> <span class='ocrx_word' id='word_1_298' title='bbox 763 2509 869 2580; x_wconf 88' lang='lat' dir='ltr'><strong>loquor,</strong></span> <span class='ocrx_word' id='word_1_299' title='bbox 882 2506 944 2578; x_wconf 92' lang='lat' dir='ltr'><strong>qui·</strong></span> 
     </span>
     <span class='ocr_line' id='line_1_27' title="bbox 160 2601 943 2687; baseline -0.026 -14"><span class='ocrx_word' id='word_1_300' title='bbox 160 2616 211 2672; x_wconf 83' lang='lat' dir='ltr'><strong>lius</strong></span> <span class='ocrx_word' id='word_1_301' title='bbox 222 2616 373 2687; x_wconf 88' lang='lat' dir='ltr'><strong>coaptatio,</strong></span> <span class='ocrx_word' id='word_1_302' title='bbox 387 2629 448 2686; x_wconf 86' lang='lat' dir='ltr'><strong>qme</strong></span> <span class='ocrx_word' id='word_1_303' title='bbox 467 2616 568 2684; x_wconf 69' lang='lat' dir='ltr'><strong>speetu</strong></span> <span class='ocrx_word' id='word_1_304' title='bbox 588 2613 677 2680; x_wconf 74' lang='lat' dir='ltr'><strong>praece</strong></span> <span class='ocrx_word' id='word_1_305' title='bbox 690 2601 804 2669; x_wconf 89' lang='lat' dir='ltr'><strong>dicitur,</strong></span> <span class='ocrx_word' id='word_1_306' title='bbox 818 2609 943 2670; x_wconf 85' lang='lat' dir='ltr'><strong>tanquam</strong></span> 
     </span>
     <span class='ocr_line' id='line_1_28' title="bbox 160 2689 944 2775; baseline -0.018 -17"><span class='ocrx_word' id='word_1_307' title='bbox 160 2705 297 2775; x_wconf 73' lang='lat' dir='ltr'><strong>cuiusdam</strong></span> <span class='ocrx_word' id='word_1_308' title='bbox 319 2704 410 2774; x_wconf 71' lang='lat' dir='ltr'><strong>organi</strong></span> <span class='ocrx_word' id='word_1_309' title='bbox 423 2743 430 2770; x_wconf 88' lang='lat'><strong>,</strong></span> <span class='ocrx_word' id='word_1_310' title='bbox 443 2701 609 2757; x_wconf 85' lang='lat' dir='ltr'><strong>extrinsecus</strong></span> <span class='ocrx_word' id='word_1_311' title='bbox 629 2701 711 2764; x_wconf 89' lang='lat' dir='ltr'><strong>atque</strong></span> <span class='ocrx_word' id='word_1_312' title='bbox 731 2689 890 2746; x_wconf 86' lang='lat' dir='ltr'><strong>intrinsecus</strong></span> <span class='ocrx_word' id='word_1_313' title='bbox 902 2698 944 2745; x_wconf 90' lang='lat' dir='ltr'><strong>to-</strong></span> 
     </span>
     <span class='ocr_line' id='line_1_29' title="bbox 161 2782 944 2867; baseline -0.018 -15"><span class='ocrx_word' id='word_1_314' title='bbox 161 2799 215 2854; x_wconf 86' lang='lat' dir='ltr'><strong>tius</strong></span> <span class='ocrx_word' id='word_1_315' title='bbox 228 2796 348 2867; x_wconf 89' lang='lat' dir='ltr'><strong>corporis</strong></span> <span class='ocrx_word' id='word_1_316' title='bbox 358 2802 473 2861; x_wconf 87' lang='lat' dir='ltr'><strong>constat,</strong></span> <span class='ocrx_word' id='word_1_317' title='bbox 489 2791 552 2864; x_wconf 91' lang='lat' dir='ltr'><strong>quid</strong></span> <span class='ocrx_word' id='word_1_318' title='bbox 563 2790 660 2857; x_wconf 89' lang='lat' dir='ltr'><strong>dicam,</strong></span> <span class='ocrx_word' id='word_1_319' title='bbox 672 2798 751 2842; x_wconf 89' lang='lat' dir='ltr'><strong>nemo</strong></span> <span class='ocrx_word' id='word_1_320' title='bbox 763 2782 845 2838; x_wconf 84' lang='lat' dir='ltr'><strong>saluit</strong></span> <span class='ocrx_word' id='word_1_321' title='bbox 868 2782 944 2838; x_wconf 82' lang='lat' dir='ltr'><strong>inre·</strong></span> 
     </span>
     <span class='ocr_line' id='line_1_30' title="bbox 163 2871 945 2956; baseline -0.017 -15"><span class='ocrx_word' id='word_1_322' title='bbox 163 2888 233 2952; x_wconf 84' lang='lat' dir='ltr'><strong>trice,</strong></span> <span class='ocrx_word' id='word_1_323' title='bbox 244 2900 311 2956; x_wconf 89' lang='lat' dir='ltr'><strong>quos</strong></span> <span class='ocrx_word' id='word_1_324' title='bbox 329 2898 408 2940; x_wconf 88' lang='lat' dir='ltr'><strong>nemo</strong></span> <span class='ocrx_word' id='word_1_325' title='bbox 421 2896 502 2939; x_wconf 84' lang='lat' dir='ltr'><strong>ausus</strong></span> <span class='ocrx_word' id='word_1_326' title='bbox 512 2888 554 2937; x_wconf 90' lang='lat' dir='ltr'><strong>est</strong></span> <span class='ocrx_word' id='word_1_327' title='bbox 563 2874 701 2951; x_wconf 68' lang='lat' dir='ltr'><strong>quaerere?</strong></span> <span class='ocrx_word' id='word_1_328' title='bbox 713 2872 764 2940; x_wconf 86' lang='lat' dir='ltr'><strong>Qui</strong></span> <span class='ocrx_word' id='word_1_329' title='bbox 781 2872 804 2928; x_wconf 91' lang='lat' dir='ltr'><strong>si</strong></span> <span class='ocrx_word' id='word_1_330' title='bbox 819 2871 873 2928; x_wconf 84' lang='lat' dir='ltr'><strong>riuti</strong></span> <span class='ocrx_word' id='word_1_331' title='bbox 885 2885 945 2928; x_wconf 89' lang='lat' dir='ltr'><strong>esse</strong></span> 
     </span>
     <span class='ocr_line' id='line_1_31' title="bbox 161 2965 946 3049; baseline -0.018 -16"><span class='ocrx_word' id='word_1_332' title='bbox 161 2978 325 3049; x_wconf 85' lang='lat' dir='ltr'><strong>potuissent,</strong></span> <span class='ocrx_word' id='word_1_333' title='bbox 341 2976 367 3031; x_wconf 91' lang='lat' dir='ltr'><strong>in</strong></span> <span class='ocrx_word' id='word_1_334' title='bbox 388 2973 557 3031; x_wconf 86' lang='lat' dir='ltr'><strong>interioribus</strong></span> <span class='ocrx_word' id='word_1_335' title='bbox 580 2983 686 3044; x_wconf 87' lang='lat' dir='ltr'><strong>quoque</strong></span> <span class='ocrx_word' id='word_1_336' title='bbox 708 2965 871 3029; x_wconf 75' lang='lat' dir='ltr'><strong>uisceribus,</strong></span> <span class='ocrx_word' id='word_1_337' title='bbox 885 2978 946 3035; x_wconf 80' lang='lat' dir='ltr'><strong>qum</strong></span> 
     </span>
     <span class='ocr_line' id='line_1_32' title="bbox 162 3055 946 3132; baseline -0.017 -8"><span class='ocrx_word' id='word_1_338' title='bbox 162 3068 264 3125; x_wconf 90' lang='lat' dir='ltr'><strong>nullum</strong></span> <span class='ocrx_word' id='word_1_339' title='bbox 276 3067 417 3124; x_wconf 89' lang='lat' dir='ltr'><strong>ostendant</strong></span> <span class='ocrx_word' id='word_1_340' title='bbox 435 3066 536 3132; x_wconf 81' lang='lat' dir='ltr'><strong>deciis,</strong></span> <span class='ocrx_word' id='word_1_341' title='bbox 553 3064 589 3120; x_wconf 90' lang='lat' dir='ltr'><strong>ita</strong></span> <span class='ocrx_word' id='word_1_342' title='bbox 611 3061 757 3119; x_wconf 84' lang='lat' dir='ltr'><strong>delectaret</strong></span> <span class='ocrx_word' id='word_1_343' title='bbox 777 3055 946 3129; x_wconf 72' lang='lat' dir='ltr'><strong>pulchritudo</strong></span> 
     </span>
     <span class='ocr_line' id='line_1_33' title="bbox 162 3149 944 3226; baseline -0.017 -11"><span class='ocrx_word' id='word_1_344' title='bbox 162 3159 285 3226; x_wconf 73' lang='lat' dir='ltr'><strong>rationis,</strong></span> <span class='ocrx_word' id='word_1_345' title='bbox 297 3170 324 3214; x_wconf 89' lang='lat' dir='ltr'><strong>ut</strong></span> <span class='ocrx_word' id='word_1_346' title='bbox 338 3159 410 3215; x_wconf 91' lang='lat' dir='ltr'><strong>omni</strong></span> <span class='ocrx_word' id='word_1_347' title='bbox 426 3156 518 3213; x_wconf 76' lang='lat' dir='ltr'><strong>forme</strong></span> <span class='ocrx_word' id='word_1_348' title='bbox 530 3152 735 3226; x_wconf 84' lang='lat' dir='ltr'><strong>apparentiquae</strong></span> <span class='ocrx_word' id='word_1_349' title='bbox 749 3152 833 3206; x_wconf 87' lang='lat' dir='ltr'><strong>oculis</strong></span> <span class='ocrx_word' id='word_1_350' title='bbox 847 3149 944 3220; x_wconf 84' lang='lat' dir='ltr'><strong>placet,</strong></span> 
     </span>
     <span class='ocr_line' id='line_1_34' title="bbox 162 3238 946 3320; baseline -0.015 -14"><span class='ocrx_word' id='word_1_351' title='bbox 162 3251 246 3320; x_wconf 87' lang='lat' dir='ltr'><strong>ipsius</strong></span> <span class='ocrx_word' id='word_1_352' title='bbox 271 3249 384 3314; x_wconf 89' lang='lat' dir='ltr'><strong>mentis,</strong></span> <span class='ocrx_word' id='word_1_353' title='bbox 398 3264 458 3319; x_wconf 84' lang='lat' dir='ltr'><strong>quae</strong></span> <span class='ocrx_word' id='word_1_354' title='bbox 475 3247 559 3302; x_wconf 89' lang='lat' dir='ltr'><strong>oculis</strong></span> <span class='ocrx_word' id='word_1_355' title='bbox 575 3245 667 3311; x_wconf 87' lang='lat' dir='ltr'><strong>utitur,</strong></span> <span class='ocrx_word' id='word_1_356' title='bbox 680 3241 850 3314; x_wconf 79' lang='lat' dir='ltr'><strong>praeferretur</strong></span> <span class='ocrx_word' id='word_1_357' title='bbox 872 3238 946 3296; x_wconf 89' lang='lat' dir='ltr'><strong>arbi·</strong></span> 
     </span>
     <span class='ocr_line' id='line_1_35' title="bbox 163 3334 947 3408; baseline -0.014 -12"><span class='ocrx_word' id='word_1_358' title='bbox 163 3341 227 3397; x_wconf 89' lang='lat' dir='ltr'><strong>trio.</strong></span> <span class='ocrx_word' id='word_1_359' title='bbox 241 3340 309 3396; x_wconf 83' lang='lat' dir='ltr'><strong>Sunt</strong></span> <span class='ocrx_word' id='word_1_360' title='bbox 330 3354 393 3396; x_wconf 89' lang='lat' dir='ltr'><strong>vcro</strong></span> <span class='ocrx_word' id='word_1_361' title='bbox 409 3337 529 3408; x_wconf 78' lang='lat' dir='ltr'><strong>quasdam</strong></span> <span class='ocrx_word' id='word_1_362' title='bbox 544 3336 580 3392; x_wconf 85' lang='lat' dir='ltr'><strong>ita</strong></span> <span class='ocrx_word' id='word_1_363' title='bbox 604 3334 690 3407; x_wconf 85' lang='lat' dir='ltr'><strong>posita</strong></span> <span class='ocrx_word' id='word_1_364' title='bbox 716 3334 743 3388; x_wconf 90' lang='lat' dir='ltr'><strong>iu</strong></span> <span class='ocrx_word' id='word_1_365' title='bbox 767 3346 878 3401; x_wconf 87' lang='lat' dir='ltr'><strong>corpore</strong></span> <span class='ocrx_word' id='word_1_366' title='bbox 893 3372 901 3397; x_wconf 87' lang='lat'><strong>,</strong></span> <span class='ocrx_word' id='word_1_367' title='bbox 917 3339 947 3386; x_wconf 90' lang='lat' dir='ltr'><strong>ut</strong></span> 
     </span>
     <span class='ocr_line' id='line_1_36' title="bbox 163 3423 947 3494; baseline -0.013 -5"><span class='ocrx_word' id='word_1_368' title='bbox 163 3432 347 3489; x_wconf 86' lang='lat' dir='ltr'><strong>tantummodo</strong></span> <span class='ocrx_word' id='word_1_369' title='bbox 360 3431 484 3486; x_wconf 86' lang='lat' dir='ltr'><strong>decorem</strong></span> <span class='ocrx_word' id='word_1_370' title='bbox 508 3427 633 3494; x_wconf 79' lang='lat' dir='ltr'><strong>imbuant,</strong></span> <span class='ocrx_word' id='word_1_371' title='bbox 649 3440 702 3480; x_wconf 91' lang='lat' dir='ltr'><strong>non</strong></span> <span class='ocrx_word' id='word_1_372' title='bbox 714 3434 742 3480; x_wconf 90' lang='lat' dir='ltr'><strong>et</strong></span> <span class='ocrx_word' id='word_1_373' title='bbox 761 3439 857 3480; x_wconf 86' lang='lat' dir='ltr'><strong>usum:</strong></span> <span class='ocrx_word' id='word_1_374' title='bbox 876 3423 947 3479; x_wconf 89' lang='lat' dir='ltr'><strong>sicut</strong></span> 
     </span>
     <span class='ocr_line' id='line_1_37' title="bbox 163 3514 945 3595; baseline -0.017 -13"><span class='ocrx_word' id='word_1_375' title='bbox 163 3523 245 3582; x_wconf 84' lang='lat' dir='ltr'><strong>babet</strong></span> <span class='ocrx_word' id='word_1_376' title='bbox 268 3535 360 3595; x_wconf 85' lang='lat' dir='ltr'><strong>pectus</strong></span> <span class='ocrx_word' id='word_1_377' title='bbox 380 3523 456 3579; x_wconf 80' lang='lat' dir='ltr'><strong>uirile</strong></span> <span class='ocrx_word' id='word_1_378' title='bbox 481 3520 612 3577; x_wconf 87' lang='lat' dir='ltr'><strong>mamillas</strong></span> <span class='ocrx_word' id='word_1_379' title='bbox 624 3558 632 3587; x_wconf 89' lang='lat'><strong>,</strong></span> <span class='ocrx_word' id='word_1_380' title='bbox 642 3518 712 3574; x_wconf 89' lang='lat' dir='ltr'><strong>sicut</strong></span> <span class='ocrx_word' id='word_1_381' title='bbox 726 3517 805 3573; x_wconf 88' lang='lat' dir='ltr'><strong>facies</strong></span> <span class='ocrx_word' id='word_1_382' title='bbox 816 3514 945 3583; x_wconf 89' lang='lat' dir='ltr'><strong>barbam,</strong></span> 
     </span>
     <span class='ocr_line' id='line_1_38' title="bbox 163 3605 948 3687; baseline -0.014 -17"><span class='ocrx_word' id='word_1_383' title='bbox 163 3632 246 3687; x_wconf 86' lang='lat' dir='ltr'><strong>qnam</strong></span> <span class='ocrx_word' id='word_1_384' title='bbox 258 3631 311 3670; x_wconf 91' lang='lat' dir='ltr'><strong>non</strong></span> <span class='ocrx_word' id='word_1_385' title='bbox 325 3629 384 3671; x_wconf 88' lang='lat' dir='ltr'><strong>esse</strong></span> <span class='ocrx_word' id='word_1_386' title='bbox 400 3612 575 3677; x_wconf 88' lang='lat' dir='ltr'><strong>munimento,</strong></span> <span class='ocrx_word' id='word_1_387' title='bbox 589 3609 636 3665; x_wconf 90' lang='lat' dir='ltr'><strong>scd</strong></span> <span class='ocrx_word' id='word_1_388' title='bbox 649 3607 719 3664; x_wconf 87' lang='lat' dir='ltr'><strong>ririli</strong></span> <span class='ocrx_word' id='word_1_389' title='bbox 728 3615 896 3674; x_wconf 87' lang='lat' dir='ltr'><strong>ornamento,</strong></span> <span class='ocrx_word' id='word_1_390' title='bbox 907 3605 948 3659; x_wconf 92' lang='lat' dir='ltr'><strong>in·</strong></span> 
     </span>
     <span class='ocr_line' id='line_1_39' title="bbox 164 3695 947 3776; baseline -0.015 -14"><span class='ocrx_word' id='word_1_391' title='bbox 164 3709 254 3764; x_wconf 89' lang='lat' dir='ltr'><strong>dicant</strong></span> <span class='ocrx_word' id='word_1_392' title='bbox 270 3721 343 3776; x_wconf 83' lang='lat' dir='ltr'><strong>parm</strong></span> <span class='ocrx_word' id='word_1_393' title='bbox 356 3703 439 3760; x_wconf 84' lang='lat' dir='ltr'><strong>facies</strong></span> <span class='ocrx_word' id='word_1_394' title='bbox 450 3702 620 3765; x_wconf 88' lang='lat' dir='ltr'><strong>feminarum,</strong></span> <span class='ocrx_word' id='word_1_395' title='bbox 634 3713 700 3771; x_wconf 89' lang='lat' dir='ltr'><strong>quas</strong></span> <span class='ocrx_word' id='word_1_396' title='bbox 713 3697 803 3768; x_wconf 87' lang='lat' dir='ltr'><strong>utique</strong></span> <span class='ocrx_word' id='word_1_397' title='bbox 815 3695 947 3752; x_wconf 87' lang='lat' dir='ltr'><strong>indrmio·</strong></span> 
     </span>
     <span class='ocr_line' id='line_1_40' title="bbox 164 3789 948 3862; baseline -0.017 -6"><span class='ocrx_word' id='word_1_398' title='bbox 164 3817 210 3856; x_wconf 86' lang='lat' dir='ltr'><strong>res</strong></span> <span class='ocrx_word' id='word_1_399' title='bbox 231 3799 329 3854; x_wconf 90' lang='lat' dir='ltr'><strong>muniri</strong></span> <span class='ocrx_word' id='word_1_400' title='bbox 348 3797 429 3853; x_wconf 82' lang='lat' dir='ltr'><strong>tullus</strong></span> <span class='ocrx_word' id='word_1_401' title='bbox 443 3793 609 3851; x_wconf 84' lang='lat' dir='ltr'><strong>conveniret.</strong></span> <span class='ocrx_word' id='word_1_402' title='bbox 623 3790 651 3849; x_wconf 79' lang='lat' dir='ltr'><strong>si</strong></span> <span class='ocrx_word' id='word_1_403' title='bbox 666 3805 730 3862; x_wconf 75' lang='lat' dir='ltr'><strong>erqo</strong></span> <span class='ocrx_word' id='word_1_404' title='bbox 744 3789 844 3845; x_wconf 89' lang='lat' dir='ltr'><strong>nullum</strong></span> <span class='ocrx_word' id='word_1_405' title='bbox 863 3804 948 3844; x_wconf 83' lang='lat' dir='ltr'><strong>ntem·</strong></span> 
     </span>
     <span class='ocr_line' id='line_1_41' title="bbox 164 3879 948 3959; baseline -0.02 -10"><span class='ocrx_word' id='word_1_406' title='bbox 164 3891 242 3951; x_wconf 88' lang='lat' dir='ltr'><strong>brum</strong></span> <span class='ocrx_word' id='word_1_407' title='bbox 268 3898 327 3957; x_wconf 91' lang='lat' dir='ltr'><strong>est,</strong></span> <span class='ocrx_word' id='word_1_408' title='bbox 340 3889 366 3944; x_wconf 93' lang='lat' dir='ltr'><strong>in</strong></span> <span class='ocrx_word' id='word_1_409' title='bbox 381 3888 424 3944; x_wconf 86' lang='lat' dir='ltr'><strong>bis</strong></span> <span class='ocrx_word' id='word_1_410' title='bbox 436 3885 544 3959; x_wconf 88' lang='lat' dir='ltr'><strong>quidem</strong></span> <span class='ocrx_word' id='word_1_411' title='bbox 565 3883 714 3954; x_wconf 80' lang='lat' dir='ltr'><strong>conspicuis</strong></span> <span class='ocrx_word' id='word_1_412' title='bbox 738 3880 822 3953; x_wconf 84' lang='lat' dir='ltr'><strong>(unde</strong></span> <span class='ocrx_word' id='word_1_413' title='bbox 838 3879 948 3949; x_wconf 74' lang='lat' dir='ltr'><strong>ambigit</strong></span> 
     </span>
     <span class='ocr_line' id='line_1_42' title="bbox 164 3970 947 4054; baseline -0.017 -15"><span class='ocrx_word' id='word_1_414' title='bbox 164 3980 342 4054; x_wconf 82' lang='lat' dir='ltr'><strong>neruo),quod</strong></span> <span class='ocrx_word' id='word_1_415' title='bbox 350 3980 385 4034; x_wconf 90' lang='lat' dir='ltr'><strong>ita</strong></span> <span class='ocrx_word' id='word_1_416' title='bbox 396 3978 430 4033; x_wconf 91' lang='lat' dir='ltr'><strong>sit</strong></span> <span class='ocrx_word' id='word_1_417' title='bbox 439 3976 516 4034; x_wconf 89' lang='lat' dir='ltr'><strong>alicui</strong></span> <span class='ocrx_word' id='word_1_418' title='bbox 526 3974 600 4046; x_wconf 87' lang='lat' dir='ltr'><strong>operi</strong></span> <span class='ocrx_word' id='word_1_419' title='bbox 609 3970 884 4036; x_wconf 89' lang='lat' dir='ltr'><strong>acoornmodatnm,ut</strong></span> <span class='ocrx_word' id='word_1_420' title='bbox 895 3983 947 4026; x_wconf 90' lang='lat' dir='ltr'><strong>non</strong></span> 
     </span>
     <span class='ocr_line' id='line_1_43' title="bbox 165 4060 948 4133; baseline -0.018 -6"><span class='ocrx_word' id='word_1_421' title='bbox 165 4071 246 4127; x_wconf 89' lang='lat' dir='ltr'><strong>etiam</strong></span> <span class='ocrx_word' id='word_1_422' title='bbox 258 4071 292 4125; x_wconf 89' lang='lat' dir='ltr'><strong>sit</strong></span> <span class='ocrx_word' id='word_1_423' title='bbox 301 4068 442 4133; x_wconf 87' lang='lat' dir='ltr'><strong>decomm;</strong></span> <span class='ocrx_word' id='word_1_424' title='bbox 456 4075 517 4122; x_wconf 86' lang='lat' dir='ltr'><strong>sunt</strong></span> <span class='ocrx_word' id='word_1_425' title='bbox 527 4075 617 4121; x_wconf 91' lang='lat' dir='ltr'><strong>autem</strong></span> <span class='ocrx_word' id='word_1_426' title='bbox 630 4060 766 4127; x_wconf 89' lang='lat' dir='ltr'><strong>nonnulla,</strong></span> <span class='ocrx_word' id='word_1_427' title='bbox 781 4075 892 4132; x_wconf 89' lang='lat' dir='ltr'><strong>quorum</strong></span> <span class='ocrx_word' id='word_1_428' title='bbox 904 4075 948 4114; x_wconf 89' lang='lat' dir='ltr'><strong>so·</strong></span> 
     </span>
     <span class='ocr_line' id='line_1_44' title="bbox 165 4151 947 4226; baseline -0.015 -9"><span class='ocrx_word' id='word_1_429' title='bbox 165 4162 221 4218; x_wconf 90' lang='lat' dir='ltr'><strong>lum</strong></span> <span class='ocrx_word' id='word_1_430' title='bbox 235 4160 327 4226; x_wconf 87' lang='lat' dir='ltr'><strong>decus,</strong></span> <span class='ocrx_word' id='word_1_431' title='bbox 340 4169 367 4216; x_wconf 91' lang='lat' dir='ltr'><strong>et</strong></span> <span class='ocrx_word' id='word_1_432' title='bbox 379 4159 468 4215; x_wconf 91' lang='lat' dir='ltr'><strong>nullus</strong></span> <span class='ocrx_word' id='word_1_433' title='bbox 481 4167 521 4214; x_wconf 88' lang='lat' dir='ltr'><strong>est</strong></span> <span class='ocrx_word' id='word_1_434' title='bbox 532 4171 596 4211; x_wconf 91' lang='lat' dir='ltr'><strong>usos</strong></span> <span class='ocrx_word' id='word_1_435' title='bbox 608 4172 616 4210; x_wconf 76' lang='lat' dir='ltr'><strong><em>z</em></strong></span> <span class='ocrx_word' id='word_1_436' title='bbox 629 4161 695 4226; x_wconf 92' lang='lat' dir='ltr'><strong>puto</strong></span> <span class='ocrx_word' id='word_1_437' title='bbox 705 4152 785 4208; x_wconf 89' lang='lat' dir='ltr'><strong>facile</strong></span> <span class='ocrx_word' id='word_1_438' title='bbox 794 4151 905 4223; x_wconf 69' lang='lat' dir='ltr'><strong>intelligi</strong></span> <span class='ocrx_word' id='word_1_439' title='bbox 919 4151 947 4205; x_wconf 93' lang='lat' dir='ltr'><strong>in</strong></span> 
     </span>
     <span class='ocr_line' id='line_1_45' title="bbox 166 4228 949 4318; baseline -0.015 -9"><span class='ocrx_word' id='word_1_440' title='bbox 166 4250 321 4309; x_wconf 84' lang='lat' dir='ltr'><strong>conditione</strong></span> <span class='ocrx_word' id='word_1_441' title='bbox 331 4250 452 4318; x_wconf 83' lang='lat' dir='ltr'><strong>corporis</strong></span> <span class='ocrx_word' id='word_1_442' title='bbox 464 4228 617 4318; x_wconf 70' lang='lat' dir='ltr'><strong>dignitatem</strong></span> <span class='ocrx_word' id='word_1_443' title='bbox 629 4242 781 4300; x_wconf 75' lang='lat' dir='ltr'><strong>necessitati</strong></span> <span class='ocrx_word' id='word_1_444' title='bbox 790 4242 872 4299; x_wconf 87' lang='lat' dir='ltr'><strong>fuisse</strong></span> <span class='ocrx_word' id='word_1_445' title='bbox 882 4257 949 4313; x_wconf 84' lang='lat' dir='ltr'><strong>prae·</strong></span> 
     </span>
     <span class='ocr_line' id='line_1_46' title="bbox 170 4334 949 4408; baseline -0.012 -10"><span class='ocrx_word' id='word_1_446' title='bbox 170 4344 261 4399; x_wconf 87' lang='lat' dir='ltr'><strong>latam.</strong></span> <span class='ocrx_word' id='word_1_447' title='bbox 275 4340 429 4396; x_wconf 85' lang='lat' dir='ltr'><strong>Transitura</strong></span> <span class='ocrx_word' id='word_1_448' title='bbox 441 4348 483 4394; x_wconf 90' lang='lat' dir='ltr'><strong>est</strong></span> <span class='ocrx_word' id='word_1_449' title='bbox 494 4336 592 4408; x_wconf 87' lang='lat' dir='ltr'><strong>quippe</strong></span> <span class='ocrx_word' id='word_1_450' title='bbox 612 4334 775 4400; x_wconf 85' lang='lat' dir='ltr'><strong>necessitas,</strong></span> <span class='ocrx_word' id='word_1_451' title='bbox 791 4342 949 4404; x_wconf 87' lang='lat' dir='ltr'><strong>tempusque</strong></span> 
     </span>
     <span class='ocr_line' id='line_1_47' title="bbox 165 4423 949 4500; baseline -0.009 -13"><span class='ocrx_word' id='word_1_452' title='bbox 165 4441 308 4490; x_wconf 76' lang='lat' dir='ltr'><strong>venturum</strong></span> <span class='ocrx_word' id='word_1_453' title='bbox 331 4428 437 4500; x_wconf 89' lang='lat' dir='ltr'><strong>quando</strong></span> <span class='ocrx_word' id='word_1_454' title='bbox 456 4427 512 4482; x_wconf 88' lang='lat' dir='ltr'><strong>sola</strong></span> <span class='ocrx_word' id='word_1_455' title='bbox 536 4427 650 4484; x_wconf 81' lang='lat' dir='ltr'><strong>latricem</strong></span> <span class='ocrx_word' id='word_1_456' title='bbox 673 4423 871 4496; x_wconf 83' lang='lat' dir='ltr'><strong>pulchritudino</strong></span> <span class='ocrx_word' id='word_1_457' title='bbox 890 4424 949 4480; x_wconf 88' lang='lat' dir='ltr'><strong>sine</strong></span> 
     </span>
     <span class='ocr_line' id='line_1_48' title="bbox 166 4514 948 4589; baseline -0.009 -12"><span class='ocrx_word' id='word_1_458' title='bbox 166 4522 220 4577; x_wconf 91' lang='lat' dir='ltr'><strong>nlla</strong></span> <span class='ocrx_word' id='word_1_459' title='bbox 243 4520 350 4577; x_wconf 81' lang='lat' dir='ltr'><strong>libidine</strong></span> <span class='ocrx_word' id='word_1_460' title='bbox 364 4517 532 4589; x_wconf 76' lang='lat' dir='ltr'><strong>perfruamur</strong></span> <span class='ocrx_word' id='word_1_461' title='bbox 547 4535 554 4571; x_wconf 76' lang='grc' dir='ltr'><strong>ι</strong></span> <span class='ocrx_word' id='word_1_462' title='bbox 569 4515 639 4587; x_wconf 92' lang='lat' dir='ltr'><strong>quod</strong></span> <span class='ocrx_word' id='word_1_463' title='bbox 658 4515 773 4571; x_wconf 83' lang='lat' dir='ltr'><strong>maxime</strong></span> <span class='ocrx_word' id='word_1_464' title='bbox 793 4514 827 4571; x_wconf 92' lang='lat' dir='ltr'><strong>ad</strong></span> <span class='ocrx_word' id='word_1_465' title='bbox 843 4515 948 4571; x_wconf 87' lang='lat' dir='ltr'><strong>faudem</strong></span> 
     </span>
     <span class='ocr_line' id='line_1_49' title="bbox 165 4604 948 4675; baseline -0.01 -6"><span class='ocrx_word' id='word_1_466' title='bbox 165 4611 337 4671; x_wconf 86' lang='lat' dir='ltr'><strong>referendum</strong></span> <span class='ocrx_word' id='word_1_467' title='bbox 359 4618 400 4664; x_wconf 89' lang='lat' dir='ltr'><strong>cst</strong></span> <span class='ocrx_word' id='word_1_468' title='bbox 418 4606 586 4674; x_wconf 72' lang='lat' dir='ltr'><strong>conditoris,</strong></span> <span class='ocrx_word' id='word_1_469' title='bbox 599 4605 641 4661; x_wconf 91' lang='lat' dir='ltr'><strong>cui</strong></span> <span class='ocrx_word' id='word_1_470' title='bbox 661 4604 763 4662; x_wconf 80' lang='lat' dir='ltr'><strong>&#39;dicitur</strong></span> <span class='ocrx_word' id='word_1_471' title='bbox 776 4605 804 4660; x_wconf 89' lang='lat' dir='ltr'><strong>in</strong></span> <span class='ocrx_word' id='word_1_472' title='bbox 825 4606 948 4675; x_wconf 86' lang='lat' dir='ltr'><strong>Psalmo,</strong></span> 
     </span>
     <span class='ocr_line' id='line_1_50' title="bbox 165 4694 864 4775; baseline -0.016 -15"><span class='ocrx_word' id='word_1_473' title='bbox 165 4702 353 4775; x_wconf 57' lang='lat' dir='ltr'><strong>&amp;spadonem</strong></span> <span class='ocrx_word' id='word_1_474' title='bbox 363 4709 388 4755; x_wconf 83' lang='lat' dir='ltr'><strong>ct</strong></span> <span class='ocrx_word' id='word_1_475' title='bbox 400 4699 514 4754; x_wconf 77' lang='lat' dir='ltr'><strong>decorem</strong></span> <span class='ocrx_word' id='word_1_476' title='bbox 526 4696 631 4754; x_wconf 84' lang='lat' dir='ltr'><strong>induisti</strong></span> <span class='ocrx_word' id='word_1_477' title='bbox 644 4694 656 4768; x_wconf 86' lang='grc'><strong>(</strong></span> <span class='ocrx_word' id='word_1_478' title='bbox 667 4694 741 4750; x_wconf 84' lang='lat' dir='ltr'><strong>Ptol.</strong></span> <span class='ocrx_word' id='word_1_479' title='bbox 755 4711 811 4762; x_wconf 80' lang='lat' dir='ltr'><strong>citt,</strong></span> <span class='ocrx_word' id='word_1_480' title='bbox 822 4695 864 4766; x_wconf 90' lang='lat' dir='ltr'><strong>f).</strong></span> 
     </span>
    </p>

    <p class='ocr_par' dir='ltr' id='par_1_5' title="bbox 163 4785 951 5211">
     <span class='ocr_line' id='line_1_51' title="bbox 201 4785 949 4862; baseline -0.013 -10"><span class='ocrx_word' id='word_1_481' title='bbox 201 4796 229 4852; x_wconf 81' lang='lat'><strong>5.</strong></span> <span class='ocrx_word' id='word_1_482' title='bbox 254 4793 313 4851; x_wconf 86' lang='lat' dir='ltr'><strong>lam</strong></span> <span class='ocrx_word' id='word_1_483' title='bbox 336 4800 432 4848; x_wconf 78' lang='lat' dir='ltr'><strong>catera</strong></span> <span class='ocrx_word' id='word_1_484' title='bbox 452 4786 621 4862; x_wconf 81' lang='lat' dir='ltr'><strong>pulchritudo</strong></span> <span class='ocrx_word' id='word_1_485' title='bbox 634 4795 661 4842; x_wconf 89' lang='lat' dir='ltr'><strong>et</strong></span> <span class='ocrx_word' id='word_1_486' title='bbox 681 4785 781 4841; x_wconf 89' lang='lat' dir='ltr'><strong>utilitas</strong></span> <span class='ocrx_word' id='word_1_487' title='bbox 802 4795 949 4854; x_wconf 68' lang='lat' dir='ltr'><strong>creaturae,</strong></span> 
     </span>
     <span class='ocr_line' id='line_1_52' title="bbox 167 4877 951 4956; baseline -0.011 -16"><span class='ocrx_word' id='word_1_488' title='bbox 167 4901 228 4956; x_wconf 82' lang='lat' dir='ltr'><strong>qum</strong></span> <span class='ocrx_word' id='word_1_489' title='bbox 243 4883 428 4952; x_wconf 70' lang='lat' dir='ltr'><strong>hominibusi</strong></span> <span class='ocrx_word' id='word_1_490' title='bbox 440 4881 466 4937; x_wconf 92' lang='lat' dir='ltr'><strong>in</strong></span> <span class='ocrx_word' id='word_1_491' title='bbox 485 4880 551 4936; x_wconf 87' lang='lat' dir='ltr'><strong>istos</strong></span> <span class='ocrx_word' id='word_1_492' title='bbox 565 4879 670 4936; x_wconf 88' lang='lat' dir='ltr'><strong>labores</strong></span> <span class='ocrx_word' id='word_1_493' title='bbox 691 4877 866 4946; x_wconf 88' lang='lat' dir='ltr'><strong>miseriasque</strong></span> <span class='ocrx_word' id='word_1_494' title='bbox 885 4891 951 4947; x_wconf 90' lang='lat' dir='ltr'><strong>pro·</strong></span> 
     </span>
     <span class='ocr_line' id='line_1_53' title="bbox 163 4968 951 5047; baseline -0.004 -17"><span class='ocrx_word' id='word_1_495' title='bbox 163 4978 237 5047; x_wconf 85' lang='lat' dir='ltr'><strong>jecto</strong></span> <span class='ocrx_word' id='word_1_496' title='bbox 249 4986 331 5047; x_wconf 87' lang='lat' dir='ltr'><strong>atque</strong></span> <span class='ocrx_word' id='word_1_497' title='bbox 340 4975 475 5042; x_wconf 89' lang='lat' dir='ltr'><strong>damnato,</strong></span> <span class='ocrx_word' id='word_1_498' title='bbox 484 4972 626 5044; x_wconf 87' lang='lat' dir='ltr'><strong>spectanda</strong></span> <span class='ocrx_word' id='word_1_499' title='bbox 635 4980 715 5044; x_wconf 88' lang='lat' dir='ltr'><strong>atque</strong></span> <span class='ocrx_word' id='word_1_500' title='bbox 728 4968 951 5027; x_wconf 79' lang='lat' dir='ltr'><strong>sirmendadirina</strong></span> 
     </span>
     <span class='ocr_line' id='line_1_54' title="bbox 168 5061 951 5136; baseline -0.006 -16"><span class='ocrx_word' id='word_1_501' title='bbox 168 5067 289 5136; x_wconf 75' lang='lat' dir='ltr'><strong>largitate</strong></span> <span class='ocrx_word' id='word_1_502' title='bbox 307 5080 434 5121; x_wconf 86' lang='lat' dir='ltr'><strong>concessa</strong></span> <span class='ocrx_word' id='word_1_503' title='bbox 458 5072 517 5135; x_wconf 79' lang='lat' dir='ltr'><strong>est,</strong></span> <span class='ocrx_word' id='word_1_504' title='bbox 535 5077 589 5134; x_wconf 91' lang='lat' dir='ltr'><strong>quo</strong></span> <span class='ocrx_word' id='word_1_505' title='bbox 611 5076 735 5119; x_wconf 73' lang='lat' dir='ltr'><strong>wuronc</strong></span> <span class='ocrx_word' id='word_1_506' title='bbox 756 5061 891 5117; x_wconf 87' lang='lat' dir='ltr'><strong>terminari</strong></span> <span class='ocrx_word' id='word_1_507' title='bbox 904 5076 951 5132; x_wconf 91' lang='lat' dir='ltr'><strong>po·</strong></span> 
     </span>
     <span class='ocr_line' id='line_1_55' title="bbox 167 5152 951 5211; baseline -0.001 -3"><span class='ocrx_word' id='word_1_508' title='bbox 167 5155 240 5211; x_wconf 88' lang='lat' dir='ltr'><strong>resti</strong></span> <span class='ocrx_word' id='word_1_509' title='bbox 255 5157 282 5210; x_wconf 90' lang='lat' dir='ltr'><strong>in</strong></span> <span class='ocrx_word' id='word_1_510' title='bbox 295 5156 354 5211; x_wconf 85' lang='lat' dir='ltr'><strong>coeli</strong></span> <span class='ocrx_word' id='word_1_511' title='bbox 371 5166 399 5211; x_wconf 90' lang='lat' dir='ltr'><strong>ct</strong></span> <span class='ocrx_word' id='word_1_512' title='bbox 418 5166 496 5210; x_wconf 85' lang='lat' dir='ltr'><strong>torrae</strong></span> <span class='ocrx_word' id='word_1_513' title='bbox 510 5162 538 5210; x_wconf 87' lang='lat' dir='ltr'><strong>ct</strong></span> <span class='ocrx_word' id='word_1_514' title='bbox 560 5154 642 5210; x_wconf 84' lang='lat' dir='ltr'><strong>maris</strong></span> <span class='ocrx_word' id='word_1_515' title='bbox 664 5152 819 5208; x_wconf 87' lang='lat' dir='ltr'><strong>multimoda</strong></span> <span class='ocrx_word' id='word_1_516' title='bbox 839 5161 867 5209; x_wconf 83' lang='lat' dir='ltr'><strong>ct</strong></span> <span class='ocrx_word' id='word_1_517' title='bbox 880 5153 951 5207; x_wconf 81' lang='lat' dir='ltr'><strong>nuria</strong></span> 
     </span>
    </p>
   </div>
   <div class='ocr_carea' id='block_1_5' title="bbox 168 5238 958 5318">
    <p class='ocr_par' dir='ltr' id='par_1_6' title="bbox 168 5238 958 5318">
     <span class='ocr_line' id='line_1_56' title="bbox 168 5238 958 5318; baseline -0.001 -17"><span class='ocrx_word' id='word_1_518' title='bbox 168 5247 374 5318; x_wconf 85' lang='lat' dir='ltr'><strong>pulchritudine,</strong></span> <span class='ocrx_word' id='word_1_519' title='bbox 386 5249 413 5303; x_wconf 94' lang='lat' dir='ltr'><strong>in</strong></span> <span class='ocrx_word' id='word_1_520' title='bbox 426 5247 510 5317; x_wconf 89' lang='lat' dir='ltr'><strong>ipsius</strong></span> <span class='ocrx_word' id='word_1_521' title='bbox 524 5246 592 5302; x_wconf 90' lang='lat' dir='ltr'><strong>lucis</strong></span> <span class='ocrx_word' id='word_1_522' title='bbox 604 5255 677 5302; x_wconf 86' lang='lat' dir='ltr'><strong>tarrta</strong></span> <span class='ocrx_word' id='word_1_523' title='bbox 692 5247 768 5317; x_wconf 87' lang='lat' dir='ltr'><strong>copia</strong></span> <span class='ocrx_word' id='word_1_524' title='bbox 784 5255 890 5317; x_wconf 78' lang='lat' dir='ltr'><strong>tamque</strong></span> <span class='ocrx_word' id='word_1_525' title='bbox 901 5238 958 5302; x_wconf 54' lang='lat' dir='ltr'><strong>mi?</strong></span> 
     </span>
    </p>
   </div>
   <div class='ocr_carea' id='block_1_6' title="bbox 166 5338 951 5411">
    <p class='ocr_par' dir='ltr' id='par_1_7' title="bbox 166 5338 951 5411">
     <span class='ocr_line' id='line_1_57' title="bbox 166 5338 951 5411; baseline -0.004 -14"><span class='ocrx_word' id='word_1_526' title='bbox 166 5341 244 5397; x_wconf 83' lang='lat' dir='ltr'><strong>mbili</strong></span> <span class='ocrx_word' id='word_1_527' title='bbox 258 5341 356 5410; x_wconf 83' lang='lat' dir='ltr'><strong>specie,</strong></span> <span class='ocrx_word' id='word_1_528' title='bbox 374 5341 400 5395; x_wconf 92' lang='lat' dir='ltr'><strong>in</strong></span> <span class='ocrx_word' id='word_1_529' title='bbox 414 5342 471 5397; x_wconf 86' lang='lat' dir='ltr'><strong>sole</strong></span> <span class='ocrx_word' id='word_1_530' title='bbox 483 5355 514 5395; x_wconf 86' lang='lat' dir='ltr'><strong>sc</strong></span> <span class='ocrx_word' id='word_1_531' title='bbox 525 5340 587 5395; x_wconf 91' lang='lat' dir='ltr'><strong>luna</strong></span> <span class='ocrx_word' id='word_1_532' title='bbox 598 5349 627 5395; x_wconf 91' lang='lat' dir='ltr'><strong>et</strong></span> <span class='ocrx_word' id='word_1_533' title='bbox 638 5338 783 5408; x_wconf 83' lang='lat' dir='ltr'><strong>sideribus,</strong></span> <span class='ocrx_word' id='word_1_534' title='bbox 794 5340 821 5395; x_wconf 91' lang='lat' dir='ltr'><strong>in</strong></span> <span class='ocrx_word' id='word_1_535' title='bbox 832 5340 951 5411; x_wconf 86' lang='lat' dir='ltr'><strong>opacita-</strong></span> 
     </span>
    </p>
   </div>
   <div class='ocr_carea' id='block_1_7' title="bbox 166 5612 952 5686">
    <p class='ocr_par' dir='ltr' id='par_1_8' title="bbox 166 5612 952 5686">
     <span class='ocr_line' id='line_1_58' title="bbox 166 5612 952 5686; baseline 0.004 -21"><span class='ocrx_word' id='word_1_536' title='bbox 166 5630 220 5683; x_wconf 89' lang='lat' dir='ltr'><strong>qne</strong></span> <span class='ocrx_word' id='word_1_537' title='bbox 233 5614 375 5684; x_wconf 89' lang='lat' dir='ltr'><strong>pictarum,</strong></span> <span class='ocrx_word' id='word_1_538' title='bbox 391 5613 417 5669; x_wconf 90' lang='lat' dir='ltr'><strong>in</strong></span> <span class='ocrx_word' id='word_1_539' title='bbox 429 5612 585 5668; x_wconf 75' lang='lat' dir='ltr'><strong>multiformi</strong></span> <span class='ocrx_word' id='word_1_540' title='bbox 598 5613 688 5684; x_wconf 86' lang='lat' dir='ltr'><strong>specie</strong></span> <span class='ocrx_word' id='word_1_541' title='bbox 706 5621 746 5669; x_wconf 92' lang='lat' dir='ltr'><strong>tot</strong></span> <span class='ocrx_word' id='word_1_542' title='bbox 767 5623 952 5686; x_wconf 87' lang='lat' dir='ltr'><strong>tantorumque</strong></span> 
     </span>
    </p>
   </div>
   <div class='ocr_carea' id='block_1_8' title="bbox 199 5743 761 5809">
    <p class='ocr_par' dir='ltr' id='par_1_9' title="bbox 199 5743 761 5809">
     <span class='ocr_line' id='line_1_59' title="bbox 199 5743 761 5809; baseline -0.002 -16"><span class='ocrx_word' id='word_1_543' title='bbox 199 5745 207 5770; x_wconf 80' lang='lat'>⁸</span> <span class='ocrx_word' id='word_1_544' title='bbox 223 5746 290 5808; x_wconf 78' lang='lat' dir='ltr'><strong>ulitt,</strong></span> <span class='ocrx_word' id='word_1_545' title='bbox 302 5745 454 5809; x_wconf 72' lang='lat' dir='ltr'><strong>inmur&#39;pme·</strong></span> <span class='ocrx_word' id='word_1_546' title='bbox 466 5743 549 5796; x_wconf 80' lang='lat' dir='ltr'><strong>uellus</strong></span> <span class='ocrx_word' id='word_1_547' title='bbox 564 5751 627 5806; x_wconf 65' lang='lat' dir='ltr'><strong>uss,</strong></span> <span class='ocrx_word' id='word_1_548' title='bbox 640 5743 761 5809; x_wconf 75' lang='lat' dir='ltr'><strong>testipnru</strong></span> 
     </span>
    </p>
   </div>
   <div class='ocr_carea' id='block_1_9' title="bbox 992 1881 1797 4813">
    <p class='ocr_par' dir='ltr' id='par_1_10' title="bbox 992 1881 1797 4813">
     <span class='ocr_line' id='line_1_60' title="bbox 993 1881 1780 1960; baseline 0.009 -22"><span class='ocrx_word' id='word_1_549' title='bbox 993 1882 1149 1954; x_wconf 74' lang='lat' dir='ltr'><strong>temperies?</strong></span> <span class='ocrx_word' id='word_1_550' title='bbox 1161 1883 1190 1940; x_wconf 93' lang='lat' dir='ltr'><strong>ln</strong></span> <span class='ocrx_word' id='word_1_551' title='bbox 1206 1883 1344 1942; x_wconf 87' lang='lat' dir='ltr'><strong>fruticibus</strong></span> <span class='ocrx_word' id='word_1_552' title='bbox 1359 1895 1387 1944; x_wconf 91' lang='lat' dir='ltr'><strong>et</strong></span> <span class='ocrx_word' id='word_1_553' title='bbox 1409 1881 1551 1960; x_wconf 86' lang='lat' dir='ltr'><strong>pecoribus</strong></span> <span class='ocrx_word' id='word_1_554' title='bbox 1562 1888 1780 1945; x_wconf 79' lang='lat' dir='ltr'><strong>indumentorum</strong></span> 
     </span>
     <span class='ocr_line' id='line_1_61' title="bbox 992 1973 1797 2048; baseline 0.01 -18"><span class='ocrx_word' id='word_1_555' title='bbox 992 1973 1216 2032; x_wconf 76' lang='lat' dir='ltr'><strong>conficiendorum</strong></span> <span class='ocrx_word' id='word_1_556' title='bbox 1227 1979 1486 2048; x_wconf 80' lang='lat' dir='ltr'><strong>quantamaterfesl</strong></span> <span class='ocrx_word' id='word_1_557' title='bbox 1496 1977 1592 2035; x_wconf 83' lang='lat' dir='ltr'><strong>Omnia</strong></span> <span class='ocrx_word' id='word_1_558' title='bbox 1613 1994 1797 2037; x_wconf 84' lang='lat' dir='ltr'><strong>commemo·-</strong></span> 
     </span>
     <span class='ocr_line' id='line_1_62' title="bbox 992 2067 1780 2144; baseline 0.006 -21"><span class='ocrx_word' id='word_1_559' title='bbox 992 2082 1053 2125; x_wconf 88' lang='lat' dir='ltr'><strong>rare</strong></span> <span class='ocrx_word' id='word_1_560' title='bbox 1065 2067 1124 2140; x_wconf 90' lang='lat' dir='ltr'><strong>quis</strong></span> <span class='ocrx_word' id='word_1_561' title='bbox 1134 2070 1237 2140; x_wconf 82' lang='lat' dir='ltr'><strong>possiti</strong></span> <span class='ocrx_word' id='word_1_562' title='bbox 1248 2070 1311 2127; x_wconf 76' lang='lat' dir='ltr'><strong>fiee</strong></span> <span class='ocrx_word' id='word_1_563' title='bbox 1322 2079 1411 2126; x_wconf 76' lang='lat' dir='ltr'><strong>summ</strong></span> <span class='ocrx_word' id='word_1_564' title='bbox 1425 2071 1492 2138; x_wconf 87' lang='lat' dir='ltr'><strong>sola,</strong></span> <span class='ocrx_word' id='word_1_565' title='bbox 1505 2082 1566 2144; x_wconf 76' lang='lat' dir='ltr'><strong>qaae</strong></span> <span class='ocrx_word' id='word_1_566' title='bbox 1578 2086 1596 2127; x_wconf 92' lang='lat' dir='ltr'><strong>a</strong></span> <span class='ocrx_word' id='word_1_567' title='bbox 1607 2071 1739 2128; x_wconf 82' lang='lat' dir='ltr'><strong>nrerclct</strong></span> <span class='ocrx_word' id='word_1_568' title='bbox 1753 2070 1780 2128; x_wconf 88' lang='lat' dir='ltr'><strong>in</strong></span> 
     </span>
     <span class='ocr_line' id='line_1_63' title="bbox 993 2161 1781 2235; baseline 0.005 -19"><span class='ocrx_word' id='word_1_569' title='bbox 993 2161 1134 2233; x_wconf 88' lang='lat' dir='ltr'><strong>quemdam</strong></span> <span class='ocrx_word' id='word_1_570' title='bbox 1156 2178 1279 2235; x_wconf 74' lang='lat' dir='ltr'><strong>aggerem</strong></span> <span class='ocrx_word' id='word_1_571' title='bbox 1295 2172 1358 2219; x_wconf 91' lang='lat' dir='ltr'><strong>sunt</strong></span> <span class='ocrx_word' id='word_1_572' title='bbox 1376 2172 1528 2230; x_wconf 84' lang='lat' dir='ltr'><strong>coarctata,</strong></span> <span class='ocrx_word' id='word_1_573' title='bbox 1549 2164 1573 2220; x_wconf 87' lang='lat' dir='ltr'><strong>si</strong></span> <span class='ocrx_word' id='word_1_574' title='bbox 1596 2164 1697 2221; x_wconf 81' lang='lat' dir='ltr'><strong>vellem</strong></span> <span class='ocrx_word' id='word_1_575' title='bbox 1710 2165 1781 2220; x_wconf 88' lang='lat' dir='ltr'><strong>refut</strong></span> 
     </span>
     <span class='ocr_line' id='line_1_64' title="bbox 993 2251 1780 2326; baseline -0.001 -17"><span class='ocrx_word' id='word_1_576' title='bbox 993 2251 1114 2324; x_wconf 74' lang='lat' dir='ltr'><strong>colligata</strong></span> <span class='ocrx_word' id='word_1_577' title='bbox 1135 2253 1270 2310; x_wconf 77' lang='lat' dir='ltr'><strong>involucra</strong></span> <span class='ocrx_word' id='word_1_578' title='bbox 1291 2254 1395 2310; x_wconf 81' lang='lat' dir='ltr'><strong>solvere</strong></span> <span class='ocrx_word' id='word_1_579' title='bbox 1418 2262 1498 2326; x_wconf 85' lang='lat' dir='ltr'><strong>atque</strong></span> <span class='ocrx_word' id='word_1_580' title='bbox 1513 2254 1669 2321; x_wconf 73' lang='lat' dir='ltr'><strong>ducutere,</strong></span> <span class='ocrx_word' id='word_1_581' title='bbox 1684 2263 1780 2326; x_wconf 84' lang='lat' dir='ltr'><strong>qrranta</strong></span> 
     </span>
     <span class='ocr_line' id='line_1_65' title="bbox 993 2341 1781 2418; baseline 0.004 -21"><span class='ocrx_word' id='word_1_582' title='bbox 993 2341 1059 2398; x_wconf 89' lang='lat' dir='ltr'><strong>milri</strong></span> <span class='ocrx_word' id='word_1_583' title='bbox 1081 2358 1156 2400; x_wconf 89' lang='lat' dir='ltr'><strong>mora</strong></span> <span class='ocrx_word' id='word_1_584' title='bbox 1176 2354 1249 2402; x_wconf 83' lang='lat' dir='ltr'><strong>esset</strong></span> <span class='ocrx_word' id='word_1_585' title='bbox 1262 2346 1288 2401; x_wconf 93' lang='lat' dir='ltr'><strong>in</strong></span> <span class='ocrx_word' id='word_1_586' title='bbox 1303 2345 1431 2418; x_wconf 73' lang='lat' dir='ltr'><strong>singulis,</strong></span> <span class='ocrx_word' id='word_1_587' title='bbox 1445 2344 1544 2416; x_wconf 88' lang='lat' dir='ltr'><strong>quibus</strong></span> <span class='ocrx_word' id='word_1_588' title='bbox 1558 2345 1677 2417; x_wconf 88' lang='lat' dir='ltr'><strong>plurima</strong></span> <span class='ocrx_word' id='word_1_589' title='bbox 1696 2345 1781 2401; x_wconf 82' lang='lat' dir='ltr'><strong>tonti-</strong></span> 
     </span>
     <span class='ocr_line' id='line_1_66' title="bbox 994 2435 1781 2495; baseline 0.006 -6"><span class='ocrx_word' id='word_1_590' title='bbox 994 2436 1103 2491; x_wconf 81' lang='lat' dir='ltr'><strong>nsntnr?</strong></span> <span class='ocrx_word' id='word_1_591' title='bbox 1115 2435 1150 2491; x_wconf 81' lang='lat' dir='ltr'><strong>Et</strong></span> <span class='ocrx_word' id='word_1_592' title='bbox 1162 2436 1219 2493; x_wconf 82' lang='lat' dir='ltr'><strong>lrcsc</strong></span> <span class='ocrx_word' id='word_1_593' title='bbox 1230 2438 1319 2493; x_wconf 91' lang='lat' dir='ltr'><strong>omnia</strong></span> <span class='ocrx_word' id='word_1_594' title='bbox 1333 2440 1490 2495; x_wconf 88' lang='lat' dir='ltr'><strong>miserorum</strong></span> <span class='ocrx_word' id='word_1_595' title='bbox 1505 2446 1568 2495; x_wconf 90' lang='lat' dir='ltr'><strong>sunt</strong></span> <span class='ocrx_word' id='word_1_596' title='bbox 1578 2437 1781 2494; x_wconf 86' lang='lat' dir='ltr'><strong>damnatorum·</strong></span> 
     </span>
     <span class='ocr_line' id='line_1_67' title="bbox 993 2530 1782 2605; baseline 0.011 -23"><span class='ocrx_word' id='word_1_597' title='bbox 993 2542 1046 2598; x_wconf 90' lang='lat' dir='ltr'><strong>que</strong></span> <span class='ocrx_word' id='word_1_598' title='bbox 1057 2530 1172 2597; x_wconf 85' lang='lat' dir='ltr'><strong>solatia,</strong></span> <span class='ocrx_word' id='word_1_599' title='bbox 1187 2545 1240 2586; x_wconf 93' lang='lat' dir='ltr'><strong>non</strong></span> <span class='ocrx_word' id='word_1_600' title='bbox 1255 2532 1363 2601; x_wconf 70' lang='lat' dir='ltr'><strong>praemia</strong></span> <span class='ocrx_word' id='word_1_601' title='bbox 1383 2533 1531 2588; x_wconf 88' lang='lat' dir='ltr'><strong>beatorum.</strong></span> <span class='ocrx_word' id='word_1_602' title='bbox 1546 2532 1613 2601; x_wconf 75' lang='lat' dir='ltr'><strong>Quas</strong></span> <span class='ocrx_word' id='word_1_603' title='bbox 1633 2533 1719 2605; x_wconf 71' lang='lat' dir='ltr'><strong>igilur</strong></span> <span class='ocrx_word' id='word_1_604' title='bbox 1737 2534 1782 2591; x_wconf 90' lang='lat' dir='ltr'><strong>illa</strong></span> 
     </span>
     <span class='ocr_line' id='line_1_68' title="bbox 994 2619 1782 2690; baseline 0.009 -16"><span class='ocrx_word' id='word_1_605' title='bbox 994 2627 1067 2686; x_wconf 89' lang='lat' dir='ltr'><strong>sunt,</strong></span> <span class='ocrx_word' id='word_1_606' title='bbox 1081 2619 1104 2674; x_wconf 92' lang='lat' dir='ltr'><strong>si</strong></span> <span class='ocrx_word' id='word_1_607' title='bbox 1118 2627 1158 2677; x_wconf 91' lang='lat' dir='ltr'><strong>tot</strong></span> <span class='ocrx_word' id='word_1_608' title='bbox 1170 2633 1202 2676; x_wconf 89' lang='lat' dir='ltr'><strong>ae</strong></span> <span class='ocrx_word' id='word_1_609' title='bbox 1214 2620 1275 2676; x_wconf 91' lang='lat' dir='ltr'><strong>talia</strong></span> <span class='ocrx_word' id='word_1_610' title='bbox 1290 2629 1318 2677; x_wconf 90' lang='lat' dir='ltr'><strong>et</strong></span> <span class='ocrx_word' id='word_1_611' title='bbox 1329 2630 1401 2677; x_wconf 90' lang='lat' dir='ltr'><strong>tanta</strong></span> <span class='ocrx_word' id='word_1_612' title='bbox 1415 2631 1478 2678; x_wconf 89' lang='lat' dir='ltr'><strong>sunt</strong></span> <span class='ocrx_word' id='word_1_613' title='bbox 1491 2623 1563 2678; x_wconf 74' lang='lat' dir='ltr'><strong>ista?</strong></span> <span class='ocrx_word' id='word_1_614' title='bbox 1575 2623 1647 2690; x_wconf 89' lang='lat' dir='ltr'><strong>Quid</strong></span> <span class='ocrx_word' id='word_1_615' title='bbox 1657 2623 1733 2681; x_wconf 90' lang='lat' dir='ltr'><strong>dabit</strong></span> <span class='ocrx_word' id='word_1_616' title='bbox 1743 2624 1782 2681; x_wconf 85' lang='lat' dir='ltr'><strong>cls</strong></span> 
     </span>
     <span class='ocr_line' id='line_1_69' title="bbox 994 2711 1783 2786; baseline 0.009 -20"><span class='ocrx_word' id='word_1_617' title='bbox 994 2726 1062 2782; x_wconf 88' lang='lat' dir='ltr'><strong>quos</strong></span> <span class='ocrx_word' id='word_1_618' title='bbox 1074 2711 1271 2782; x_wconf 76' lang='lat' dir='ltr'><strong>pradestinavit</strong></span> <span class='ocrx_word' id='word_1_619' title='bbox 1283 2712 1318 2769; x_wconf 91' lang='lat' dir='ltr'><strong>ad</strong></span> <span class='ocrx_word' id='word_1_620' title='bbox 1331 2713 1423 2780; x_wconf 79' lang='lat' dir='ltr'><strong>rium,</strong></span> <span class='ocrx_word' id='word_1_621' title='bbox 1437 2715 1483 2786; x_wconf 90' lang='lat' dir='ltr'><strong>qui</strong></span> <span class='ocrx_word' id='word_1_622' title='bbox 1495 2712 1553 2772; x_wconf 75' lang='lat' dir='ltr'><strong>buc</strong></span> <span class='ocrx_word' id='word_1_623' title='bbox 1564 2713 1640 2771; x_wconf 88' lang='lat' dir='ltr'><strong>dedit</strong></span> <span class='ocrx_word' id='word_1_624' title='bbox 1652 2717 1734 2773; x_wconf 87' lang='lat' dir='ltr'><strong>etiam</strong></span> <span class='ocrx_word' id='word_1_625' title='bbox 1744 2715 1783 2772; x_wconf 87' lang='lat' dir='ltr'><strong>cis</strong></span> 
     </span>
     <span class='ocr_line' id='line_1_70' title="bbox 995 2802 1781 2876; baseline 0.009 -21"><span class='ocrx_word' id='word_1_626' title='bbox 995 2815 1062 2871; x_wconf 82' lang='lat' dir='ltr'><strong>quos</strong></span> <span class='ocrx_word' id='word_1_627' title='bbox 1077 2802 1273 2872; x_wconf 78' lang='lat' dir='ltr'><strong>pradestinavit</strong></span> <span class='ocrx_word' id='word_1_628' title='bbox 1296 2804 1329 2859; x_wconf 91' lang='lat' dir='ltr'><strong>ad</strong></span> <span class='ocrx_word' id='word_1_629' title='bbox 1354 2807 1489 2861; x_wconf 78' lang='lat' dir='ltr'><strong>morteuil</strong></span> <span class='ocrx_word' id='word_1_630' title='bbox 1512 2822 1571 2876; x_wconf 79' lang='lat' dir='ltr'><strong>qum</strong></span> <span class='ocrx_word' id='word_1_631' title='bbox 1587 2806 1658 2862; x_wconf 91' lang='lat' dir='ltr'><strong>bona</strong></span> <span class='ocrx_word' id='word_1_632' title='bbox 1686 2806 1781 2864; x_wconf 89' lang='lat' dir='ltr'><strong>inilia</strong></span> 
     </span>
     <span class='ocr_line' id='line_1_71' title="bbox 995 2892 1782 2968; baseline 0.005 -20"><span class='ocrx_word' id='word_1_633' title='bbox 995 2892 1072 2948; x_wconf 85' lang='lat' dir='ltr'><strong>beata</strong></span> <span class='ocrx_word' id='word_1_634' title='bbox 1091 2896 1144 2948; x_wconf 85' lang='lat' dir='ltr'><strong>rita</strong></span> <span class='ocrx_word' id='word_1_635' title='bbox 1161 2894 1241 2952; x_wconf 89' lang='lat' dir='ltr'><strong>facist</strong></span> <span class='ocrx_word' id='word_1_636' title='bbox 1251 2910 1299 2952; x_wconf 89' lang='lat' dir='ltr'><strong>eos</strong></span> <span class='ocrx_word' id='word_1_637' title='bbox 1313 2911 1430 2964; x_wconf 81' lang='lat' dir='ltr'><strong>suniero,</strong></span> <span class='ocrx_word' id='word_1_638' title='bbox 1444 2913 1493 2965; x_wconf 86' lang='lat' dir='ltr'><strong>pro</strong></span> <span class='ocrx_word' id='word_1_639' title='bbox 1506 2897 1606 2968; x_wconf 86' lang='lat' dir='ltr'><strong>quibus</strong></span> <span class='ocrx_word' id='word_1_640' title='bbox 1619 2898 1648 2954; x_wconf 88' lang='lat' dir='ltr'><strong>ln</strong></span> <span class='ocrx_word' id='word_1_641' title='bbox 1668 2900 1720 2954; x_wconf 88' lang='lat' dir='ltr'><strong>ltac</strong></span> <span class='ocrx_word' id='word_1_642' title='bbox 1733 2898 1782 2953; x_wconf 91' lang='lat' dir='ltr'><strong>mi-</strong></span> 
     </span>
     <span class='ocr_line' id='line_1_72' title="bbox 996 2986 1781 3064; baseline 0.006 -22"><span class='ocrx_word' id='word_1_643' title='bbox 996 2986 1077 3042; x_wconf 64' lang='lat' dir='ltr'><strong>sera⁸</strong></span> <span class='ocrx_word' id='word_1_644' title='bbox 1089 2987 1254 3059; x_wconf 71' lang='lat' dir='ltr'><strong>unigenitum</strong></span> <span class='ocrx_word' id='word_1_645' title='bbox 1267 2989 1362 3046; x_wconf 69' lang='lat' dir='ltr'><strong>lilium</strong></span> <span class='ocrx_word' id='word_1_646' title='bbox 1375 3005 1453 3046; x_wconf 88' lang='lat' dir='ltr'><strong>suum</strong></span> <span class='ocrx_word' id='word_1_647' title='bbox 1467 2991 1551 3046; x_wconf 84' lang='lat' dir='ltr'><strong>voluit</strong></span> <span class='ocrx_word' id='word_1_648' title='bbox 1563 3006 1650 3064; x_wconf 84' lang='lat' dir='ltr'><strong>nsque</strong></span> <span class='ocrx_word' id='word_1_649' title='bbox 1661 2991 1696 3047; x_wconf 88' lang='lat' dir='ltr'><strong>ad</strong></span> <span class='ocrx_word' id='word_1_650' title='bbox 1710 3008 1781 3047; x_wconf 88' lang='lat' dir='ltr'><strong>ntor·</strong></span> 
     </span>
     <span class='ocr_line' id='line_1_73' title="bbox 997 3079 1781 3154; baseline 0.005 -20"><span class='ocrx_word' id='word_1_651' title='bbox 997 3087 1050 3134; x_wconf 80' lang='lat' dir='ltr'><strong>tem</strong></span> <span class='ocrx_word' id='word_1_652' title='bbox 1065 3079 1132 3134; x_wconf 88' lang='lat' dir='ltr'><strong>mala</strong></span> <span class='ocrx_word' id='word_1_653' title='bbox 1146 3088 1218 3135; x_wconf 88' lang='lat' dir='ltr'><strong>tanta</strong></span> <span class='ocrx_word' id='word_1_654' title='bbox 1235 3080 1376 3153; x_wconf 85' lang='lat' dir='ltr'><strong>perferrcl</strong></span> <span class='ocrx_word' id='word_1_655' title='bbox 1391 3080 1466 3138; x_wconf 87' lang='lat' dir='ltr'><strong>Unde</strong></span> <span class='ocrx_word' id='word_1_656' title='bbox 1482 3083 1619 3153; x_wconf 84' lang='lat' dir='ltr'><strong>apostolus</strong></span> <span class='ocrx_word' id='word_1_657' title='bbox 1631 3082 1666 3139; x_wconf 86' lang='lat' dir='ltr'><strong>de</strong></span> <span class='ocrx_word' id='word_1_658' title='bbox 1680 3083 1743 3154; x_wconf 86' lang='lat' dir='ltr'><strong>ipsis</strong></span> <span class='ocrx_word' id='word_1_659' title='bbox 1755 3083 1781 3138; x_wconf 90' lang='lat' dir='ltr'><strong>in</strong></span> 
     </span>
     <span class='ocr_line' id='line_1_74' title="bbox 996 3168 1779 3246; baseline 0.003 -21"><span class='ocrx_word' id='word_1_660' title='bbox 996 3168 1060 3226; x_wconf 93' lang='lat' dir='ltr'><strong>llfud</strong></span> <span class='ocrx_word' id='word_1_661' title='bbox 1071 3185 1180 3242; x_wconf 60' lang='lat' dir='ltr'><strong>mcum</strong></span> <span class='ocrx_word' id='word_1_662' title='bbox 1188 3172 1378 3243; x_wconf 74' lang='lat' dir='ltr'><strong>praeminetis</strong></span> <span class='ocrx_word' id='word_1_663' title='bbox 1386 3174 1560 3244; x_wconf 84' lang='lat' dir='ltr'><strong>loquens,Qai</strong></span> <span class='ocrx_word' id='word_1_664' title='bbox 1569 3173 1779 3246; x_wconf 85' lang='lat' dir='ltr'><strong>proprio,inquft,</strong></span> 
     </span>
     <span class='ocr_line' id='line_1_75' title="bbox 996 3261 1780 3335; baseline -0.001 -16"><span class='ocrx_word' id='word_1_665' title='bbox 996 3261 1066 3319; x_wconf 82' lang='lat' dir='ltr'><strong>Filio</strong></span> <span class='ocrx_word' id='word_1_666' title='bbox 1077 3278 1128 3317; x_wconf 81' lang='lat' dir='ltr'><strong>non</strong></span> <span class='ocrx_word' id='word_1_667' title='bbox 1142 3264 1260 3335; x_wconf 83' lang='lat' dir='ltr'><strong>pepercit,</strong></span> <span class='ocrx_word' id='word_1_668' title='bbox 1266 3264 1311 3320; x_wconf 82' lang='lat' dir='ltr'><strong>ssd</strong></span> <span class='ocrx_word' id='word_1_669' title='bbox 1324 3280 1370 3335; x_wconf 89' lang='lat' dir='ltr'><strong>pro</strong></span> <span class='ocrx_word' id='word_1_670' title='bbox 1382 3264 1453 3320; x_wconf 85' lang='lat' dir='ltr'><strong>nolis</strong></span> <span class='ocrx_word' id='word_1_671' title='bbox 1463 3265 1579 3320; x_wconf 74' lang='lat' dir='ltr'><strong>omnibus</strong></span> <span class='ocrx_word' id='word_1_672' title='bbox 1595 3263 1780 3331; x_wconf 78' lang='lat' dir='ltr'><strong>tradidimus,</strong></span> 
     </span>
     <span class='ocr_line' id='line_1_76' title="bbox 996 3358 1780 3432; baseline -0.005 -17"><span class='ocrx_word' id='word_1_673' title='bbox 996 3361 1120 3431; x_wconf 84' lang='lat' dir='ltr'><strong>quonwdo</strong></span> <span class='ocrx_word' id='word_1_674' title='bbox 1130 3376 1180 3416; x_wconf 84' lang='lat' dir='ltr'><strong>nort</strong></span> <span class='ocrx_word' id='word_1_675' title='bbox 1190 3371 1281 3417; x_wconf 82' lang='lat' dir='ltr'><strong>etcum</strong></span> <span class='ocrx_word' id='word_1_676' title='bbox 1290 3360 1335 3417; x_wconf 83' lang='lat' dir='ltr'><strong>illo</strong></span> <span class='ocrx_word' id='word_1_677' title='bbox 1344 3361 1427 3415; x_wconf 81' lang='lat' dir='ltr'><strong>munio</strong></span> <span class='ocrx_word' id='word_1_678' title='bbox 1439 3358 1780 3432; x_wconf 58' lang='lat' dir='ltr'><strong>nouruemtuufmmrrn,</strong></span> 
     </span>
     <span class='ocr_line' id='line_1_77' title="bbox 996 3449 1781 3528; baseline -0.009 -18"><span class='ocrx_word' id='word_1_679' title='bbox 996 3453 1033 3510; x_wconf 72' lang='lat' dir='ltr'><strong>dl</strong></span> <span class='ocrx_word' id='word_1_680' title='bbox 1046 3453 1069 3528; x_wconf 91' lang='lat'><strong>).</strong></span> <span class='ocrx_word' id='word_1_681' title='bbox 1089 3453 1154 3511; x_wconf 89' lang='lat' dir='ltr'><strong>Gum</strong></span> <span class='ocrx_word' id='word_1_682' title='bbox 1167 3453 1225 3509; x_wconf 75' lang='lat' dir='ltr'><strong>ltacc</strong></span> <span class='ocrx_word' id='word_1_683' title='bbox 1237 3453 1376 3525; x_wconf 86' lang='lat' dir='ltr'><strong>promissio</strong></span> <span class='ocrx_word' id='word_1_684' title='bbox 1394 3452 1578 3522; x_wconf 85' lang='lat' dir='ltr'><strong>complebitur,</strong></span> <span class='ocrx_word' id='word_1_685' title='bbox 1587 3450 1653 3522; x_wconf 89' lang='lat' dir='ltr'><strong>quid</strong></span> <span class='ocrx_word' id='word_1_686' title='bbox 1662 3449 1781 3506; x_wconf 76' lang='lat' dir='ltr'><strong>crimmi</strong></span> 
     </span>
     <span class='ocr_line' id='line_1_78' title="bbox 997 3542 1781 3618; baseline -0.006 -16"><span class='ocrx_word' id='word_1_687' title='bbox 997 3545 1277 3618; x_wconf 83' lang='lat' dir='ltr'><strong>qualescrimuleuae</strong></span> <span class='ocrx_word' id='word_1_688' title='bbox 1288 3542 1781 3615; x_wconf 79' lang='lat' dir='ltr'><strong>bonaiuillorepnoaoeepturisumua,</strong></span> 
     </span>
     <span class='ocr_line' id='line_1_79' title="bbox 997 3632 1781 3708; baseline -0.008 -15"><span class='ocrx_word' id='word_1_689' title='bbox 997 3635 1208 3708; x_wconf 88' lang='lat' dir='ltr'><strong>quandoquidem</strong></span> <span class='ocrx_word' id='word_1_690' title='bbox 1227 3634 1333 3692; x_wconf 79' lang='lat' dir='ltr'><strong>Christo</strong></span> <span class='ocrx_word' id='word_1_691' title='bbox 1349 3635 1479 3691; x_wconf 88' lang='lat' dir='ltr'><strong>moriente</strong></span> <span class='ocrx_word' id='word_1_692' title='bbox 1502 3648 1550 3705; x_wconf 89' lang='lat' dir='ltr'><strong>pro</strong></span> <span class='ocrx_word' id='word_1_693' title='bbox 1569 3632 1648 3689; x_wconf 89' lang='lat' dir='ltr'><strong>nobis</strong></span> <span class='ocrx_word' id='word_1_694' title='bbox 1661 3633 1714 3689; x_wconf 85' lang='lat' dir='ltr'><strong>tale</strong></span> <span class='ocrx_word' id='word_1_695' title='bbox 1728 3633 1781 3703; x_wconf 84' lang='lat' dir='ltr'><strong>p&#39;ant</strong></span> 
     </span>
     <span class='ocr_line' id='line_1_80' title="bbox 998 3721 1782 3801; baseline -0.01 -15"><span class='ocrx_word' id='word_1_696' title='bbox 998 3732 1093 3801; x_wconf 73' lang='lat' dir='ltr'><strong>pignus</strong></span> <span class='ocrx_word' id='word_1_697' title='bbox 1104 3728 1276 3799; x_wconf 75' lang='lat' dir='ltr'><strong>accepimus?</strong></span> <span class='ocrx_word' id='word_1_698' title='bbox 1292 3726 1385 3793; x_wconf 89' lang='lat' dir='ltr'><strong>Qualis</strong></span> <span class='ocrx_word' id='word_1_699' title='bbox 1398 3725 1449 3782; x_wconf 88' lang='lat' dir='ltr'><strong>erit</strong></span> <span class='ocrx_word' id='word_1_700' title='bbox 1461 3726 1570 3795; x_wconf 86' lang='lat' dir='ltr'><strong>spiritus</strong></span> <span class='ocrx_word' id='word_1_701' title='bbox 1580 3723 1709 3793; x_wconf 85' lang='lat' dir='ltr'><strong>borninis,</strong></span> <span class='ocrx_word' id='word_1_702' title='bbox 1723 3721 1782 3778; x_wconf 89' lang='lat' dir='ltr'><strong>nul·</strong></span> 
     </span>
     <span class='ocr_line' id='line_1_81' title="bbox 998 3814 1782 3887; baseline -0.006 -12"><span class='ocrx_word' id='word_1_703' title='bbox 998 3819 1052 3875; x_wconf 89' lang='lat' dir='ltr'><strong>lum</strong></span> <span class='ocrx_word' id='word_1_704' title='bbox 1062 3820 1172 3876; x_wconf 91' lang='lat' dir='ltr'><strong>omnino</strong></span> <span class='ocrx_word' id='word_1_705' title='bbox 1184 3818 1284 3875; x_wconf 87' lang='lat' dir='ltr'><strong>babens</strong></span> <span class='ocrx_word' id='word_1_706' title='bbox 1295 3817 1405 3885; x_wconf 83' lang='lat' dir='ltr'><strong>vitium,</strong></span> <span class='ocrx_word' id='word_1_707' title='bbox 1425 3832 1475 3872; x_wconf 89' lang='lat' dir='ltr'><strong>nec</strong></span> <span class='ocrx_word' id='word_1_708' title='bbox 1486 3816 1535 3872; x_wconf 91' lang='lat' dir='ltr'><strong>sub</strong></span> <span class='ocrx_word' id='word_1_709' title='bbox 1546 3830 1600 3887; x_wconf 91' lang='lat' dir='ltr'><strong>quo</strong></span> <span class='ocrx_word' id='word_1_710' title='bbox 1614 3814 1723 3886; x_wconf 79' lang='lat' dir='ltr'><strong>jaceat,</strong></span> <span class='ocrx_word' id='word_1_711' title='bbox 1735 3826 1782 3870; x_wconf 82' lang='lat' dir='ltr'><strong>uer</strong></span> 
     </span>
     <span class='ocr_line' id='line_1_82' title="bbox 997 3904 1781 3981; baseline -0.011 -13"><span class='ocrx_word' id='word_1_712' title='bbox 997 3911 1040 3968; x_wconf 90' lang='lat' dir='ltr'><strong>cui</strong></span> <span class='ocrx_word' id='word_1_713' title='bbox 1052 3911 1139 3979; x_wconf 88' lang='lat' dir='ltr'><strong>cedat,</strong></span> <span class='ocrx_word' id='word_1_714' title='bbox 1151 3924 1201 3968; x_wconf 90' lang='lat' dir='ltr'><strong>nee</strong></span> <span class='ocrx_word' id='word_1_715' title='bbox 1207 3920 1298 3966; x_wconf 87' lang='lat' dir='ltr'><strong>contra</strong></span> <span class='ocrx_word' id='word_1_716' title='bbox 1310 3910 1380 3981; x_wconf 86' lang='lat' dir='ltr'><strong>quod</strong></span> <span class='ocrx_word' id='word_1_717' title='bbox 1388 3907 1482 3963; x_wconf 87' lang='lat' dir='ltr'><strong>saltem</strong></span> <span class='ocrx_word' id='word_1_718' title='bbox 1494 3904 1781 3966; x_wconf 84' lang='lat' dir='ltr'><strong>laudabiliterdiuriect,</strong></span> 
     </span>
     <span class='ocr_line' id='line_1_83' title="bbox 999 3996 1782 4074; baseline -0.011 -13"><span class='ocrx_word' id='word_1_719' title='bbox 999 4003 1164 4074; x_wconf 83' lang='lat' dir='ltr'><strong>pacatissima</strong></span> <span class='ocrx_word' id='word_1_720' title='bbox 1181 4002 1280 4057; x_wconf 79' lang='lat' dir='ltr'><strong>uirtute</strong></span> <span class='ocrx_word' id='word_1_721' title='bbox 1303 3999 1454 4073; x_wconf 74' lang='lat' dir='ltr'><strong>perfectus?</strong></span> <span class='ocrx_word' id='word_1_722' title='bbox 1480 3996 1581 4055; x_wconf 77' lang='lat' dir='ltr'><strong>Rerum</strong></span> <span class='ocrx_word' id='word_1_723' title='bbox 1606 3998 1644 4055; x_wconf 90' lang='lat' dir='ltr'><strong>ibi</strong></span> <span class='ocrx_word' id='word_1_724' title='bbox 1666 3998 1782 4054; x_wconf 85' lang='lat' dir='ltr'><strong>omnium</strong></span> 
     </span>
     <span class='ocr_line' id='line_1_84' title="bbox 998 4089 1783 4166; baseline -0.005 -18"><span class='ocrx_word' id='word_1_725' title='bbox 998 4101 1108 4166; x_wconf 88' lang='lat' dir='ltr'><strong>quanta,</strong></span> <span class='ocrx_word' id='word_1_726' title='bbox 1120 4107 1200 4164; x_wconf 94' lang='lat' dir='ltr'><strong>quam</strong></span> <span class='ocrx_word' id='word_1_727' title='bbox 1212 4093 1341 4162; x_wconf 84' lang='lat' dir='ltr'><strong>speciosa,</strong></span> <span class='ocrx_word' id='word_1_728' title='bbox 1360 4105 1438 4162; x_wconf 89' lang='lat' dir='ltr'><strong>quam</strong></span> <span class='ocrx_word' id='word_1_729' title='bbox 1452 4097 1526 4145; x_wconf 88' lang='lat' dir='ltr'><strong>certa</strong></span> <span class='ocrx_word' id='word_1_730' title='bbox 1540 4089 1663 4156; x_wconf 90' lang='lat' dir='ltr'><strong>scientia,</strong></span> <span class='ocrx_word' id='word_1_731' title='bbox 1676 4089 1783 4145; x_wconf 67' lang='lat' dir='ltr'><strong>mnsam</strong></span> 
     </span>
     <span class='ocr_line' id='line_1_85' title="bbox 999 4179 1782 4256; baseline -0.013 -14"><span class='ocrx_word' id='word_1_732' title='bbox 999 4200 1061 4242; x_wconf 87' lang='lat' dir='ltr'><strong>rore</strong></span> <span class='ocrx_word' id='word_1_733' title='bbox 1072 4184 1161 4256; x_wconf 88' lang='lat' dir='ltr'><strong>aliquo</strong></span> <span class='ocrx_word' id='word_1_734' title='bbox 1175 4184 1217 4240; x_wconf 83' lang='lat' dir='ltr'><strong>rof</strong></span> <span class='ocrx_word' id='word_1_735' title='bbox 1231 4184 1338 4250; x_wconf 88' lang='lat' dir='ltr'><strong>labore,</strong></span> <span class='ocrx_word' id='word_1_736' title='bbox 1354 4182 1398 4237; x_wconf 92' lang='lat' dir='ltr'><strong>ubi</strong></span> <span class='ocrx_word' id='word_1_737' title='bbox 1410 4181 1458 4237; x_wconf 84' lang='lat' dir='ltr'><strong>Dei</strong></span> <span class='ocrx_word' id='word_1_738' title='bbox 1472 4180 1603 4250; x_wconf 85' lang='lat' dir='ltr'><strong>sapientia</strong></span> <span class='ocrx_word' id='word_1_739' title='bbox 1617 4179 1652 4236; x_wconf 90' lang='lat' dir='ltr'><strong>de</strong></span> <span class='ocrx_word' id='word_1_740' title='bbox 1666 4180 1725 4250; x_wconf 89' lang='lat' dir='ltr'><strong>ipso</strong></span> <span class='ocrx_word' id='word_1_741' title='bbox 1733 4183 1782 4234; x_wconf 88' lang='lat' dir='ltr'><strong>&#39;ruo</strong></span> 
     </span>
     <span class='ocr_line' id='line_1_86' title="bbox 1002 4267 1781 4347; baseline -0.012 -14"><span class='ocrx_word' id='word_1_742' title='bbox 1002 4277 1074 4333; x_wconf 88' lang='lat' dir='ltr'><strong>fouts</strong></span> <span class='ocrx_word' id='word_1_743' title='bbox 1085 4275 1227 4347; x_wconf 90' lang='lat' dir='ltr'><strong>potabitur,</strong></span> <span class='ocrx_word' id='word_1_744' title='bbox 1243 4289 1304 4330; x_wconf 89' lang='lat' dir='ltr'><strong>curn</strong></span> <span class='ocrx_word' id='word_1_745' title='bbox 1313 4286 1416 4329; x_wconf 85' lang='lat' dir='ltr'><strong>suntma</strong></span> <span class='ocrx_word' id='word_1_746' title='bbox 1427 4270 1561 4338; x_wconf 87' lang='lat' dir='ltr'><strong>felicitate,</strong></span> <span class='ocrx_word' id='word_1_747' title='bbox 1575 4271 1635 4327; x_wconf 91' lang='lat' dir='ltr'><strong>sine</strong></span> <span class='ocrx_word' id='word_1_748' title='bbox 1647 4271 1701 4327; x_wconf 88' lang='lat' dir='ltr'><strong>ulla</strong></span> <span class='ocrx_word' id='word_1_749' title='bbox 1712 4267 1781 4325; x_wconf 82' lang='lat' dir='ltr'><strong>dill-</strong></span> 
     </span>
     <span class='ocr_line' id='line_1_87' title="bbox 1000 4359 1782 4437; baseline -0.014 -11"><span class='ocrx_word' id='word_1_750' title='bbox 1000 4368 1116 4427; x_wconf 82' lang='lat' dir='ltr'><strong>eultatel</strong></span> <span class='ocrx_word' id='word_1_751' title='bbox 1130 4366 1214 4437; x_wconf 81' lang='lat' dir='ltr'><strong>Quale</strong></span> <span class='ocrx_word' id='word_1_752' title='bbox 1225 4366 1277 4422; x_wconf 88' lang='lat' dir='ltr'><strong>crit</strong></span> <span class='ocrx_word' id='word_1_753' title='bbox 1289 4379 1401 4436; x_wconf 90' lang='lat' dir='ltr'><strong>corpus,</strong></span> <span class='ocrx_word' id='word_1_754' title='bbox 1413 4363 1481 4435; x_wconf 92' lang='lat' dir='ltr'><strong>quod</strong></span> <span class='ocrx_word' id='word_1_755' title='bbox 1493 4361 1568 4418; x_wconf 89' lang='lat' dir='ltr'><strong>omni</strong></span> <span class='ocrx_word' id='word_1_756' title='bbox 1585 4362 1666 4417; x_wconf 90' lang='lat' dir='ltr'><strong>modo</strong></span> <span class='ocrx_word' id='word_1_757' title='bbox 1683 4359 1782 4432; x_wconf 89' lang='lat' dir='ltr'><strong>spiritui</strong></span> 
     </span>
     <span class='ocr_line' id='line_1_88' title="bbox 1000 4453 1784 4527; baseline -0.011 -9"><span class='ocrx_word' id='word_1_758' title='bbox 1000 4462 1144 4527; x_wconf 85' lang='lat' dir='ltr'><strong>subditum,</strong></span> <span class='ocrx_word' id='word_1_759' title='bbox 1156 4468 1183 4516; x_wconf 86' lang='lat' dir='ltr'><strong>et</strong></span> <span class='ocrx_word' id='word_1_760' title='bbox 1192 4473 1225 4515; x_wconf 86' lang='lat' dir='ltr'><strong>so</strong></span> <span class='ocrx_word' id='word_1_761' title='bbox 1236 4457 1400 4514; x_wconf 83' lang='lat' dir='ltr'><strong>sufficienter</strong></span> <span class='ocrx_word' id='word_1_762' title='bbox 1415 4457 1585 4522; x_wconf 82' lang='lat' dir='ltr'><strong>vivificatum,</strong></span> <span class='ocrx_word' id='word_1_763' title='bbox 1597 4454 1681 4511; x_wconf 84' lang='lat' dir='ltr'><strong>nullis</strong></span> <span class='ocrx_word' id='word_1_764' title='bbox 1692 4453 1784 4510; x_wconf 83' lang='lat' dir='ltr'><strong>alimo-</strong></span> 
     </span>
     <span class='ocr_line' id='line_1_89' title="bbox 1000 4539 1782 4627; baseline -0.014 -15"><span class='ocrx_word' id='word_1_765' title='bbox 1000 4557 1052 4612; x_wconf 86' lang='lat' dir='ltr'><strong>niis</strong></span> <span class='ocrx_word' id='word_1_766' title='bbox 1062 4552 1208 4627; x_wconf 72' lang='lat' dir='ltr'><strong>indigebit?</strong></span> <span class='ocrx_word' id='word_1_767' title='bbox 1217 4551 1275 4609; x_wconf 83' lang='lat' dir='ltr'><strong>Non</strong></span> <span class='ocrx_word' id='word_1_768' title='bbox 1289 4551 1361 4608; x_wconf 86' lang='lat' dir='ltr'><strong>enim</strong></span> <span class='ocrx_word' id='word_1_769' title='bbox 1372 4549 1496 4613; x_wconf 88' lang='lat' dir='ltr'><strong>animale,</strong></span> <span class='ocrx_word' id='word_1_770' title='bbox 1512 4539 1560 4603; x_wconf 76' lang='lat' dir='ltr'><strong>ssd</strong></span> <span class='ocrx_word' id='word_1_771' title='bbox 1574 4548 1712 4618; x_wconf 86' lang='lat' dir='ltr'><strong>spirituale</strong></span> <span class='ocrx_word' id='word_1_772' title='bbox 1725 4545 1782 4610; x_wconf 87' lang='lat' dir='ltr'><strong>erit,</strong></span> 
     </span>
     <span class='ocr_line' id='line_1_90' title="bbox 1000 4640 1784 4721; baseline -0.015 -15"><span class='ocrx_word' id='word_1_773' title='bbox 1000 4650 1101 4707; x_wconf 84' lang='lat' dir='ltr'><strong>babens</strong></span> <span class='ocrx_word' id='word_1_774' title='bbox 1115 4647 1223 4721; x_wconf 87' lang='lat' dir='ltr'><strong>quidem</strong></span> <span class='ocrx_word' id='word_1_775' title='bbox 1244 4645 1347 4712; x_wconf 86' lang='lat' dir='ltr'><strong>carnis,</strong></span> <span class='ocrx_word' id='word_1_776' title='bbox 1367 4642 1415 4700; x_wconf 86' lang='lat' dir='ltr'><strong>sed</strong></span> <span class='ocrx_word' id='word_1_777' title='bbox 1438 4642 1496 4698; x_wconf 91' lang='lat' dir='ltr'><strong>sine</strong></span> <span class='ocrx_word' id='word_1_778' title='bbox 1514 4640 1567 4696; x_wconf 90' lang='lat' dir='ltr'><strong>ulla</strong></span> <span class='ocrx_word' id='word_1_779' title='bbox 1581 4640 1682 4697; x_wconf 83' lang='lat' dir='ltr'><strong>carnali</strong></span> <span class='ocrx_word' id='word_1_780' title='bbox 1695 4654 1784 4696; x_wconf 85' lang='lat' dir='ltr'><strong>corru-</strong></span> 
     </span>
     <span class='ocr_line' id='line_1_91' title="bbox 1001 4738 1288 4813; baseline -0.017 -16"><span class='ocrx_word' id='word_1_781' title='bbox 1001 4743 1091 4813; x_wconf 86' lang='lat' dir='ltr'><strong>ptione</strong></span> <span class='ocrx_word' id='word_1_782' title='bbox 1104 4738 1288 4796; x_wconf 88' lang='lat' dir='ltr'><strong>substantiam.</strong></span> 
     </span>
    </p>
   </div>
   <div class='ocr_carea' id='block_1_10' title="bbox 1004 4841 1789 5309">
    <p class='ocr_par' dir='ltr' id='par_1_11' title="bbox 1004 4841 1787 5106">
     <span class='ocr_line' id='line_1_92' title="bbox 1004 4841 1785 4920; baseline -0.027 -7"><span class='ocrx_word' id='word_1_783' title='bbox 1004 4853 1119 4912; x_wconf 76' lang='lat' dir='ltr'>CAPUT</span> <span class='ocrx_word' id='word_1_784' title='bbox 1140 4851 1268 4909; x_wconf 81' lang='lat' dir='ltr'><strong>XXV.-·</strong></span> <span class='ocrx_word' id='word_1_785' title='bbox 1280 4849 1321 4907; x_wconf 81' lang='lat' dir='ltr'><strong>Dr</strong></span> <span class='ocrx_word' id='word_1_786' title='bbox 1338 4845 1477 4920; x_wconf 81' lang='lat' dir='ltr'><strong>peruicacia</strong></span> <span class='ocrx_word' id='word_1_787' title='bbox 1497 4842 1677 4914; x_wconf 84' lang='lat' dir='ltr'><strong>quorumdam,</strong></span> <span class='ocrx_word' id='word_1_788' title='bbox 1691 4841 1734 4914; x_wconf 83' lang='lat' dir='ltr'><strong>qui</strong></span> <span class='ocrx_word' id='word_1_789' title='bbox 1747 4856 1785 4895; x_wconf 81' lang='lat' dir='ltr'><strong>rr·</strong></span> 
     </span>
     <span class='ocr_line' id='line_1_93' title="bbox 1037 4937 1787 5011; baseline -0.027 -8"><span class='ocrx_word' id='word_1_790' title='bbox 1037 4947 1215 5005; x_wconf 70' lang='lat' dir='ltr'><strong>tumulorum</strong></span> <span class='ocrx_word' id='word_1_791' title='bbox 1226 4942 1320 5011; x_wconf 84' lang='lat' dir='ltr'><strong>curnis,</strong></span> <span class='ocrx_word' id='word_1_792' title='bbox 1333 4956 1419 5011; x_wconf 84' lang='lat' dir='ltr'><strong>quam,</strong></span> <span class='ocrx_word' id='word_1_793' title='bbox 1431 4938 1495 4995; x_wconf 81' lang='lat' dir='ltr'><strong>rictu</strong></span> <span class='ocrx_word' id='word_1_794' title='bbox 1504 4937 1655 5008; x_wconf 81' lang='lat' dir='ltr'><strong>predictum</strong></span> <span class='ocrx_word' id='word_1_795' title='bbox 1666 4944 1714 5002; x_wconf 87' lang='lat' dir='ltr'><strong>ert,</strong></span> <span class='ocrx_word' id='word_1_796' title='bbox 1726 4942 1787 4986; x_wconf 85' lang='lat' dir='ltr'><strong>totus</strong></span> 
     </span>
     <span class='ocr_line' id='line_1_94' title="bbox 1038 5036 1425 5106; baseline -0.021 -12"><span class='ocrx_word' id='word_1_797' title='bbox 1038 5039 1148 5094; x_wconf 81' lang='lat' dir='ltr'><strong>arundus</strong></span> <span class='ocrx_word' id='word_1_798' title='bbox 1161 5037 1250 5103; x_wconf 83' lang='lat' dir='ltr'><strong>eredit,</strong></span> <span class='ocrx_word' id='word_1_799' title='bbox 1263 5036 1425 5106; x_wconf 83' lang='lat' dir='ltr'><strong>impuqnunf.</strong></span> 
     </span>
    </p>

    <p class='ocr_par' dir='ltr' id='par_1_12' title="bbox 1035 5117 1789 5309">
     <span class='ocr_line' id='line_1_95' title="bbox 1040 5117 1787 5196; baseline -0.031 -5"><span class='ocrx_word' id='word_1_800' title='bbox 1040 5133 1138 5190; x_wconf 85' lang='lat' dir='ltr'><strong>Verum</strong></span> <span class='ocrx_word' id='word_1_801' title='bbox 1157 5131 1192 5188; x_wconf 91' lang='lat' dir='ltr'><strong>de</strong></span> <span class='ocrx_word' id='word_1_802' title='bbox 1207 5128 1290 5186; x_wconf 89' lang='lat' dir='ltr'><strong>animi</strong></span> <span class='ocrx_word' id='word_1_803' title='bbox 1304 5127 1394 5191; x_wconf 85' lang='lat' dir='ltr'><strong>bonis,</strong></span> <span class='ocrx_word' id='word_1_804' title='bbox 1419 5123 1515 5196; x_wconf 88' lang='lat' dir='ltr'><strong>quibus</strong></span> <span class='ocrx_word' id='word_1_805' title='bbox 1538 5128 1600 5193; x_wconf 89' lang='lat' dir='ltr'><strong>post</strong></span> <span class='ocrx_word' id='word_1_806' title='bbox 1624 5118 1696 5175; x_wconf 88' lang='lat' dir='ltr'><strong>banc</strong></span> <span class='ocrx_word' id='word_1_807' title='bbox 1709 5117 1787 5172; x_wconf 82' lang='lat' dir='ltr'><strong>vitam</strong></span> 
     </span>
     <span class='ocr_line' id='line_1_96' title="bbox 1035 5230 1789 5309; baseline -0.024 -8"><span class='ocrx_word' id='word_1_808' title='bbox 1035 5251 1044 5284; x_wconf 92' lang='lat'>¹</span> <span class='ocrx_word' id='word_1_809' title='bbox 1061 5249 1129 5309; x_wconf 70' lang='lat' dir='ltr'><strong>aditi,</strong></span> <span class='ocrx_word' id='word_1_810' title='bbox 1146 5245 1292 5297; x_wconf 70' lang='lat' dir='ltr'><strong>mierum.</strong></span> <span class='ocrx_word' id='word_1_811' title='bbox 1309 5249 1338 5293; x_wconf 80' lang='lat' dir='ltr'><strong>lt</strong></span> <span class='ocrx_word' id='word_1_812' title='bbox 1354 5238 1516 5302; x_wconf 68' lang='lat' dir='ltr'><strong>rmuusraipti</strong></span> <span class='ocrx_word' id='word_1_813' title='bbox 1535 5234 1655 5301; x_wconf 88' lang='lat' dir='ltr'><strong>duplicata</strong></span> <span class='ocrx_word' id='word_1_814' title='bbox 1674 5230 1789 5290; x_wconf 78' lang='lat' dir='ltr'><strong>litteral,</strong></span> 
     </span>
    </p>
   </div>
   <div class='ocr_carea' id='block_1_11' title="bbox 1003 5288 1789 5430">
    <p class='ocr_par' dir='ltr' id='par_1_13' title="bbox 1003 5288 1789 5430">
     <span class='ocr_line' id='line_1_97' title="bbox 1003 5288 1788 5368; baseline -0.027 -4"><span class='ocrx_word' id='word_1_815' title='bbox 1003 5308 1254 5364; x_wconf 67' lang='lat' dir='ltr'><strong>rememoretur</strong></span> <span class='ocrx_word' id='word_1_816' title='bbox 1264 5317 1280 5356; x_wconf 88' lang='lat' dir='ltr'><strong>a</strong></span> <span class='ocrx_word' id='word_1_817' title='bbox 1289 5317 1379 5368; x_wconf 76' lang='lat' dir='ltr'><strong>preco,</strong></span> <span class='ocrx_word' id='word_1_818' title='bbox 1388 5300 1489 5358; x_wconf 63' lang='lat' dir='ltr'><strong>boumn,</strong></span> <span class='ocrx_word' id='word_1_819' title='bbox 1498 5300 1567 5361; x_wconf 81' lang='lat' dir='ltr'><strong>iuxta</strong></span> <span class='ocrx_word' id='word_1_820' title='bbox 1578 5293 1670 5368; x_wconf 73' lang='lat' dir='ltr'><strong>lsid.,l</strong></span> <span class='ocrx_word' id='word_1_821' title='bbox 1683 5295 1723 5356; x_wconf 66' lang='lat' dir='ltr'><strong>fl,</strong></span> <span class='ocrx_word' id='word_1_822' title='bbox 1734 5309 1756 5366; x_wconf 78' lang='lat'><strong>⁰:</strong></span> <span class='ocrx_word' id='word_1_823' title='bbox 1764 5288 1788 5364; x_wconf 74' lang='lat' dir='ltr'><strong>d.</strong></span> 
     </span>
     <span class='ocr_line' id='line_1_98' title="bbox 1035 5356 1789 5430; baseline -0.021 -7"><span class='ocrx_word' id='word_1_824' title='bbox 1035 5376 1045 5407; x_wconf 86' lang='lat'><strong>¹</strong></span> <span class='ocrx_word' id='word_1_825' title='bbox 1060 5375 1159 5424; x_wconf 84' lang='lat' dir='ltr'><strong>sicttss.</strong></span> <span class='ocrx_word' id='word_1_826' title='bbox 1172 5375 1200 5419; x_wconf 82' lang='lat' dir='ltr'><strong>nt</strong></span> <span class='ocrx_word' id='word_1_827' title='bbox 1210 5367 1277 5430; x_wconf 85' lang='lat' dir='ltr'><strong>editi,</strong></span> <span class='ocrx_word' id='word_1_828' title='bbox 1288 5373 1373 5418; x_wconf 78' lang='lat' dir='ltr'><strong>sotum</strong></span> <span class='ocrx_word' id='word_1_829' title='bbox 1387 5361 1512 5430; x_wconf 66' lang='lat' dir='ltr'><strong>{maan</strong></span> <span class='ocrx_word' id='word_1_830' title='bbox 1519 5365 1615 5421; x_wconf 73' lang='lat' dir='ltr'><strong>muru,</strong></span> <span class='ocrx_word' id='word_1_831' title='bbox 1628 5359 1719 5424; x_wconf 70' lang='lat' dir='ltr'><strong>usqua</strong></span> <span class='ocrx_word' id='word_1_832' title='bbox 1728 5356 1789 5408; x_wconf 81' lang='lat' dir='ltr'><strong>‹larr-</strong></span> 
     </span>
    </p>
   </div>
   <div class='ocr_carea' id='block_1_12' title="bbox 1003 5626 1790 5808">
    <p class='ocr_par' dir='ltr' id='par_1_14' title="bbox 1003 5626 1790 5808">
     <span class='ocr_line' id='line_1_99' title="bbox 1003 5626 1790 5747; baseline -0.018 -17"><span class='ocrx_word' id='word_1_833' title='bbox 1003 5626 1087 5730; x_wconf 63' lang='grc' dir='ltr'><strong>ιιιιίιἰιι</strong></span> <span class='ocrx_word' id='word_1_834' title='bbox 1099 5678 1178 5737; x_wconf 85' lang='lat' dir='ltr'><strong>editis,</strong></span> <span class='ocrx_word' id='word_1_835' title='bbox 1190 5673 1295 5747; x_wconf 70' lang='lat' dir='ltr'><strong>donari.</strong></span> <span class='ocrx_word' id='word_1_836' title='bbox 1307 5681 1334 5745; x_wconf 80' lang='grc' dir='ltr'><strong>ᾼι</strong></span> <span class='ocrx_word' id='word_1_837' title='bbox 1344 5675 1370 5725; x_wconf 89' lang='lat' dir='ltr'><strong>ln</strong></span> <span class='ocrx_word' id='word_1_838' title='bbox 1381 5680 1443 5732; x_wconf 81' lang='lat' dir='ltr'><strong>uss,</strong></span> <span class='ocrx_word' id='word_1_839' title='bbox 1456 5668 1561 5733; x_wconf 73' lang='lat' dir='ltr'><strong>dormiit,</strong></span> <span class='ocrx_word' id='word_1_840' title='bbox 1579 5666 1655 5719; x_wconf 79' lang='lat' dir='ltr'><strong>latmi</strong></span> <span class='ocrx_word' id='word_1_841' title='bbox 1667 5664 1790 5728; x_wconf 72' lang='lat' dir='ltr'><strong>tcmqm&#39;u,</strong></span> 
     </span>
     <span class='ocr_line' id='line_1_100' title="bbox 1006 5744 1323 5808; baseline -0.013 -15"><span class='ocrx_word' id='word_1_842' title='bbox 1006 5746 1074 5808; x_wconf 69' lang='lat' dir='ltr'><strong>furta</strong></span> <span class='ocrx_word' id='word_1_843' title='bbox 1083 5752 1189 5806; x_wconf 67' lang='lat' dir='ltr'><strong>maecum</strong></span> <span class='ocrx_word' id='word_1_844' title='bbox 1200 5744 1323 5791; x_wconf 71' lang='lat' dir='ltr'><strong>ausast·</strong></span> 
     </span>
    </p>
   </div>
   <div class='ocr_carea' id='block_1_13' title="bbox 0 0 1969 6388">
    <p class='ocr_par' dir='ltr' id='par_1_15' title="bbox 0 0 1969 6388">
     <span class='ocr_line' id='line_1_101' title="bbox 0 0 1969 6388; baseline 0 0"><span class='ocrx_word' id='word_1_845' title='bbox 0 0 1969 6388; x_wconf 95' lang='lat' dir='ltr'><strong> </strong></span> 
     </span>
    </p>
   </div>
  </div>
 </body>
</html>
