3900 6390
240 278 290 336 an
724 352 727 357 Ι
781 275 826 332 nn
844 272 1002 334 murum
1021 272 1132 350 oms.
1151 276 1333 338 sucusruu
1368 352 1371 357 ,
1807 277 1863 335 trs

236 396 355 473 'honesto
367 390 591 449 matremfamilias
610 388 821 446 honestissimam
840 389 926 461 palam
946 403 1024 446 coro·
1075 390 1161 477 magis
1172 390 1294 450 homines
1306 392 1342 449 dii
1355 401 1426 462 sunt,
1437 393 1481 465 oui
1493 405 1552 450 eum
1566 390 1747 449 fecundiorem
1761 389 1863 447 faciunt

242 499 305 540 nam
319 497 429 539 necesse
438 492 496 538 erat
508 482 654 552 imponere.
670 480 714 537 Sic
725 478 850 536 videlieet
863 478 944 536 liber
957 479 1023 536 deus
1075 481 1239 550 excolendo,
1254 482 1300 539 scd
1319 498 1378 539 cum
1398 493 1493 553 arant,
1514 500 1567 539 non
1586 499 1646 538 eum
1659 481 1794 537 adoranti
1805 480 1859 537 Sed

189 610 199 631 .
240 574 387 647 placandus
401 573 486 629 luerat
500 571 671 643 proventibus
685 571 851 627 seminant:
866 571 904 626 sic
912 571 946 626 ab
952 571 1022 642 agris
1075 587 1136 642 pars
1148 573 1243 627 animae
1255 572 1357 640 numdi,
1370 573 1501 644 inquiunt,
1511 589 1570 644 qua:
1583 588 1632 643 per
1642 572 1712 628 illurn
1727 581 1860 644 permeet,

240 663 379 721 fascinatio
391 662 554 734 repellenda,
565 672 595 719 ut
608 672 728 719 matrona
741 662 830 720 faeere
842 674 982 735 cogeretur
995 663 1021 717 in

237 751 355 823 publico,
371 749 441 822 qnod
454 765 504 807 nec
525 752 661 816 meretrix,
672 751 696 808 si
710 760 838 808 matronae
859 762 1019 824 spectarent,

237 840 355 912 permitti
367 839 459 896 debuit
467 841 494 897 iu
507 840 622 897 theatro.
637 842 749 913 Propter
763 842 821 898 hac
834 842 964 899 Saturnus
976 857 1021 899 so-

236 928 280 987 lus
292 929 410 987 creditus
422 945 476 986 non
486 938 528 987 est
536 929 661 987 sufficere
673 946 751 1001 posse
763 931 921 1000 seminibus,
932 941 962 987 ut
974 947 1022 988 oe-

236 1023 357 1080 oesioues
371 1022 630 1094 multiplicandorum
654 1022 763 1079 deorum
785 1023 918 1079 immunda
932 1024 1020 1078 anima

235 1116 376 1188 reperiret,
391 1126 418 1172 et
430 1116 464 1172 ab
475 1131 529 1171 uno
540 1131 604 1172 rem
617 1116 673 1173 lieo
686 1116 781 1173 rnerito
792 1115 964 1172 immunditiae
974 1115 1020 1170 dc·

235 1207 376 1272 stituta,ac
388 1223 436 1279 per
448 1208 547 1264 multos
557 1207 768 1263 falsosariditate
783 1208 890 1279 majoris
903 1206 1032 1263 immun-⁴

236 1297 308 1354 ditiae
316 1299 468 1369 prostituta,
482 1299 531 1354 ista
543 1298 680 1368 sacrilegia
691 1314 766 1355 saera
778 1299 936 1365 nominaret,
948 1313 1020 1354 sese·

234 1403 288 1459 que
299 1401 455 1461 spurcorum
478 1388 628 1444 demonum
648 1388 733 1445 turbis
746 1387 946 1444 conviolandam
961 1387 1019 1458 pol·

234 1477 411 1550 luendamque
423 1480 563 1550 preberet.

233 1587 346 1648 CAPUT
360 1590 443 1646 ixit.
456 1621 491 1632 —
506 1591 544 1645 De
559 1590 687 1662 Neptuno,
702 1589 896 1658 arduissimis
910 1587 1017 1643 Venilia.

226 1692 230 1697 ’
269 1701 327 1757 Iam
348 1702 438 1773 utique
456 1701 567 1758 babebat
585 1701 713 1757 Salaciam
732 1701 868 1770 Neptunus
886 1714 1016 1762 uxorem,

233 1803 314 1860 quatu
332 1791 484 1848 inferiorem
498 1805 593 1861 aquam
605 1791 686 1847 maris
697 1805 756 1847 esse
769 1791 911 1857 dixerunt;
927 1790 1017 1860 utquid

232 1880 270 1936 illi
286 1880 409 1951 adiuncta
422 1890 464 1937 est
480 1891 507 1937 et
516 1881 632 1949 Venilia,
643 1882 694 1938 nisi
706 1890 734 1936 nt
745 1880 804 1938 sine
817 1881 868 1936 ulla
882 1895 959 1936 cansa
970 1895 1018 1936 ne·

231 1971 406 2026 cessarimmn
416 1985 562 2038 sacrorum,
572 1971 628 2026 sola
635 1971 744 2028 libidine
753 1972 848 2027 animae
858 1972 1015 2042 prostituta,

229 2060 450 2130 multiplicaretur
460 2062 580 2117 inritatio
589 2062 796 2117 daemoniorum?
804 2061 855 2118 Sed
868 2060 1016 2132 proferatur

205 2149 210 2161 '
230 2149 415 2220 interpretatio
429 2151 563 2221 preclare
575 2151 724 2222 theologie,
738 2166 798 2222 que
809 2166 858 2206 nos
867 2151 900 2205 ab
909 2153 958 2205 ista
970 2167 1014 2207 re·

229 2239 408 2310 prehensione
416 2240 517 2297 reddita
526 2241 628 2296 ratione
636 2241 1013 2312 compescat.Venilia,inquit,

229 2331 301 2388 unda
313 2341 369 2401 est,
383 2348 443 2404 quae
457 2331 491 2389 ad
501 2333 573 2390 littus
584 2335 672 2399 venit;
685 2333 806 2398 Salacia,
820 2349 878 2403 quae
889 2335 914 2388 in
929 2333 1014 2388 salum

229 2425 298 2483 redit
313 2426 361 2498 (α).
375 2427 502 2499 Curergo
513 2426 571 2482 deae
583 2426 649 2482 flunt
660 2427 733 2493 duae,
749 2442 809 2482 eum
827 2428 861 2482 sit
880 2442 930 2482 una
945 2425 1014 2482 unda

222 2520 289 2587 'puae
300 2520 408 2576 renitet
416 2519 501 2576 reditl
510 2519 611 2590 Nempe
622 2520 678 2591 ipsa
688 2528 730 2575 est
738 2527 886 2576 exestuans
894 2521 919 2574 in
931 2519 1014 2574 multa

229 2610 337 2666 numina
350 2610 432 2666 libido
445 2625 552 2666 vesana.
563 2610 688 2678 Quamvis
698 2610 768 2666 enim
780 2624 848 2679 aqua
863 2625 915 2665 non
928 2610 1014 2680 genti·

229 2710 308 2756 netur
320 2716 380 2772 quse
393 2703 413 2757 it
425 2711 452 2757 et
468 2701 536 2758 redit
548 2718 556 2770 ;
570 2701 648 2773 buius
661 2710 747 2757 tamen
757 2702 897 2758 occasione
911 2703 1013 2757 vanita-

230 2790 274 2858 tis,
285 2790 388 2847 duobus
399 2791 672 2860 daemoniisinritatis,
683 2792 1014 2863 ampliusanimacomnta·
1032 2856 1036 2868 ι

228 2881 342 2949 culatur,
354 2897 412 2953 qttae
422 2883 452 2948 it,
463 2892 490 2938 et
502 2897 555 2937 non
568 2881 646 2938 redit.
656 2881 751 2950 Quaeso
759 2881 892 2948 te,Varro,
903 2882 1010 2949 reiros,

227 2970 273 3039 oui
286 2979 339 3025 tam
353 2970 490 3027 doctorum
510 2972 645 3027 hominum
660 2971 719 3025 talia
734 2973 831 3041 scripta
853 2971 970 3042 legistis,
985 2982 1013 3028 et

228 3060 327 3131 aliquid
340 3076 465 3132 magnum
475 3076 524 3116 ros
532 3061 657 3117 didicisse
666 3060 787 3132 jactahs,
803 3063 1011 3131 interpretamini

228 3154 294 3218 hoc,
306 3154 368 3208 nolu
378 3152 469 3209 dicere
482 3153 627 3209 secundum
639 3154 711 3209 illam
725 3163 851 3208 salerniam
866 3155 1011 3209 incommu·

218 3241 387 3313 ,utilemque
401 3253 540 3309 naturam,
554 3243 598 3313 qui
611 3244 683 3297 solus
695 3252 736 3299 est
754 3244 840 3307 licus,
854 3243 901 3298 sed
915 3243 1011 3298 saltem

225 3331 370 3386 secundum
385 3332 500 3386 animam
514 3330 624 3397 mundi,
638 3341 665 3387 et
678 3341 768 3402 partes
779 3333 855 3403 elus,
869 3348 937 3404 quos
947 3334 1011 3390 deos

224 3432 305 3476 seros
323 3435 383 3476 esse
402 3421 568 3476 existimatis.
589 3422 696 3477 Partem
717 3423 812 3478 animae
832 3425 939 3490 mundi,
951 3440 1011 3495 quae

225 3524 299 3565 mare
309 3520 440 3580 permeat,
451 3509 530 3565 deum
542 3511 616 3566 robis
627 3511 723 3568 fecisse
732 3512 895 3582 Neptunum,
908 3524 1010 3569 utcum-

225 3614 277 3669 que
292 3598 478 3656 tolerabilioris
489 3609 532 3655 est
544 3601 732 3656 erroris.ltane
746 3601 813 3656 unda
828 3602 862 3658 ad
875 3604 948 3659 littus
962 3619 1009 3659 re·

225 3688 301 3745 niem
315 3698 342 3744 et
356 3689 382 3744 iu
396 3689 481 3744 salunt
495 3689 620 3758 rediens,
641 3690 701 3746 dure
719 3703 782 3747 sunt
795 3702 884 3763 partes
899 3695 1007 3763 mundi,

224 3786 271 3833 am
282 3776 343 3833 duae
356 3787 445 3847 partes
457 3777 553 3834 anImae
565 3779 655 3835 mundi
666 3780 677 3835 i
690 3779 754 3847 Quis
764 3789 880 3836 restrum
893 3782 927 3837 ita
940 3781 1010 3838 desi·

223 3870 290 3940 piat,
305 3879 335 3926 ut
354 3869 405 3926 boc
423 3870 528 3942 sapiat?
545 3872 598 3929 Cur
614 3887 678 3945 ergo
691 3872 766 3928 robis
777 3873 843 3929 duas
857 3875 920 3930 deas
937 3874 1010 3933 fece·

222 3969 296 4029 rtrnt,
314 3961 365 4017 nisi
377 3962 439 4032 quia
460 3962 594 4032 prouisum
605 3971 647 4020 est
659 3979 674 4017 a
687 3964 850 4034 sapientibus
865 3966 1008 4035 majoribus

223 4052 329 4117 restris,
344 4067 398 4107 non
411 4062 440 4107 ut
452 4052 490 4108 dii
503 4054 593 4124 plures
602 4069 649 4110 ros
662 4064 795 4126 regerent,
808 4055 855 4113 sed
869 4066 936 4112 mea
949 4074 1008 4129 quae

223 4140 281 4197 istis
293 4142 450 4198 sanitatibus
463 4152 491 4200 et
501 4143 658 4202 falsitatibus
669 4146 794 4218 gaudent,
808 4147 883 4218 plura
895 4164 943 4206 uus
955 4151 1009 4207 dae·

220 4231 311 4286 monia
333 4231 516 4300 possiderent?
529 4234 584 4292 Cur
601 4246 690 4294 autern
703 4237 749 4294 illa
762 4237 864 4295 Salacia
879 4256 927 4311 per
940 4241 1008 4297 hanc

219 4325 470 4397 interpretationem
488 4327 640 4386 inferiorem
657 4331 739 4387 maris
753 4341 873 4402 partem,
887 4348 938 4404 qua
950 4334 1007 4391 tiro

219 4427 279 4475 erat
290 4418 407 4487 subdita,
422 4418 557 4490 perdidit?
569 4437 682 4494 namque
695 4424 768 4479 illam
783 4425 872 4494 modo,
887 4441 948 4482 eum
961 4444 1005 4484 re·

218 4505 348 4566 liuentem
370 4508 478 4565 ductum
501 4525 561 4566 esse
575 4510 737 4582 perhibetis,
755 4514 781 4569 in
802 4516 942 4587 superficie
959 4534 1007 4588 po-

217 4599 319 4655 suistis.
329 4599 579 4669 inquietantium
587 4602 709 4670 pellicem
721 4606 833 4676 accepit,
849 4607 914 4662 irata
927 4622 1004 4665 suum

218 4689 344 4746 maritum
361 4689 396 4746 de
409 4690 531 4760 supernis
544 4692 626 4747 maris
636 4693 765 4748 exclusit?

218 4799 332 4858 CAPUT
345 4798 439 4856 xxltt.
459 4830 495 4844 -
513 4799 552 4857 De
564 4800 660 4869 Terra,
674 4819 750 4875 guum
773 4804 854 4862 Varro
867 4808 939 4863 deum
952 4825 1004 4865 carc

252 4891 397 4961 canprmm,
410 4907 440 4946 eo
453 4892 576 4962 quoditie
584 4894 684 4949 ammam
693 4895 790 4962 mnndi,
803 4912 877 4966 pacm
886 4898 1004 4967 opinatur

252 4979 343 5046 deum,
359 4983 435 5036 ctiam
446 4982 512 5037 bunc
524 4984 636 5054 corporis
650 4985 690 5040 atti
703 4985 817 5055 infimam
833 4997 928 5058 purtem
943 5006 1001 5059 per-

251 5081 325 5139 meet,
336 5073 407 5141 sique
419 5075 469 5129 cim
481 5075 591 5131 diuinam
602 5076 737 5147 impertiat.

251 5178 279 5234 ι.
293 5178 394 5251 Nempe
401 5198 453 5239 una
462 5192 504 5240 est
513 5192 594 5254 terra,
605 5201 683 5257 quam
693 5185 800 5257 quidem
813 5188 918 5259 plenam
928 5190 1001 5248 nide-

165 5262 168 5267 ’
216 5285 278 5326 mus
303 5271 461 5329 animalibus
478 5276 550 5342 suis;
577 5289 758 5335 verumtamen
775 5282 860 5350 ipsam
878 5298 999 5354 magnum

207 5356 313 5433 'corpus
327 5361 354 5416 in
368 5361 507 5419 elementis
523 5367 667 5438 mundique
682 5369 799 5425 infimam
817 5380 934 5442 partem,
954 5389 1001 5430 eur

215 5467 275 5510 eam
285 5451 377 5507 volunt
389 5451 486 5507 deaml
495 5456 535 5508 lin
546 5457 607 5526 quia
621 5457 732 5514 fecunda
742 5460 799 5516 esti
811 5462 864 5518 Cur
874 5477 938 5535 ergo
947 5480 999 5520 non

247 5584 730 5712 iihldfnlsifllliihlifw
747 5593 997 5649 mmmm

1073 663 1150 720 deam
1164 665 1233 721 facit.
1245 665 1324 735 Quasi
1338 682 1390 722 non
1401 665 1549 723 evidentior
1558 666 1593 721 sit
1602 666 1629 720 ιιι
1639 663 1792 720 bominibus
1803 665 1860 719 ani·

1073 769 1126 820 ma,
1136 770 1195 826 qua
1203 763 1289 812 utrum
1297 756 1418 825 sit‚nulia
1426 757 1589 829 litquestio;
1601 764 1724 813 ettamen
1737 755 1862 812 homines

1073 841 1109 898 dii
1121 859 1174 898 non
1184 843 1315 901 habentur
1326 864 1332 897 :
1343 857 1371 903 et
1379 847 1450 919 quod
1460 856 1503 904 est
1511 846 1629 919 grauiter
1638 845 1794 911 dolendum,
1805 844 1859 912 his,

1072 933 1160 1006 quidii
1174 953 1225 993 non
1240 947 1311 1003 sunt,
1322 948 1350 995 et
1359 939 1454 1010 quibus
1463 939 1513 1011 ipsi
1525 939 1650 995 meliores
1658 946 1730 1004 sunt,
1738 936 1859 994 colendis

1071 1036 1099 1083 et
1110 1027 1251 1084 adorandis
1264 1029 1378 1087 mirabili
1396 1038 1424 1086 et
1435 1029 1578 1087 miserabili
1592 1045 1683 1087 errore
1695 1030 1857 1087 subduntur.

1072 1117 1106 1172 Et
1123 1127 1197 1175 certe
1211 1120 1280 1175 idern
1294 1119 1378 1176 Varro
1390 1121 1416 1176 in
1435 1121 1528 1177 eodem
1539 1120 1573 1177 de
1582 1121 1633 1176 diis
1647 1121 1754 1176 selectis
1776 1120 1857 1186 libro,

1072 1214 1198 1266 trescase
1211 1209 1327 1266 affirmat
1337 1211 1432 1267 animae
1443 1209 1541 1283 gradus
1553 1210 1579 1265 in
1592 1211 1664 1266 omni
1678 1210 1856 1280 universaque

1071 1309 1164 1354 natura
1176 1318 1182 1354 :
1194 1315 1284 1366 unum,
1298 1284 1345 1372 gui
1353 1316 1446 1358 omnes
1456 1311 1544 1373 partes
1555 1302 1673 1373 corporis
1682 1317 1743 1373 quse
1752 1302 1855 1367 vivunt,

1071 1391 1174 1458 transit,
1185 1399 1212 1446 et
1221 1390 1273 1446 non
1283 1391 1363 1447 babet
1371 1406 1489 1459 sensum,
1501 1391 1547 1448 sed
1558 1399 1658 1446 tautum
1669 1390 1702 1446 ad
1713 1389 1857 1447 visendum

1069 1481 1245 1537 valetudinem
1260 1501 1267 1538 a
1280 1482 1349 1539 Itane
1358 1483 1410 1538 tim
1424 1485 1451 1539 in
1464 1491 1556 1539 nostro
1569 1497 1683 1552 corpore
1696 1495 1857 1552 permanare

1069 1570 1133 1627 dicit
1143 1572 1170 1627 in
1178 1587 1248 1638 ussa,
1260 1588 1370 1644 ungues,
1381 1573 1505 1644 capillos:
1517 1573 1584 1630 sicut
1594 1573 1622 1628 ln
1633 1573 1733 1627 mundo
1743 1571 1857 1627 arbores

1068 1663 1127 1719 sine
1138 1678 1218 1720 sensu
1230 1665 1336 1721 aluntur
1345 1673 1372 1721 et
1382 1673 1520 1732 crescunt,
1537 1674 1565 1722 et
1582 1663 1661 1720 modo
1676 1663 1792 1735 quodam
1805 1676 1857 1719 suo

1069 1753 1169 1809 vicunt.
1183 1755 1333 1811 Secundum
1345 1754 1453 1827 gradum
1463 1755 1570 1823 animm,
1581 1756 1610 1811 iu
1621 1770 1674 1827 quo
1687 1760 1854 1812 seususest:

1069 1846 1137 1901 hanc
1146 1847 1200 1901 rim
1213 1848 1351 1917 pervenire
1365 1847 1391 1903 in
1403 1847 1512 1915 oeulos,
1527 1861 1622 1914 aures,
1639 1860 1735 1915 nares,
1752 1859 1801 1913 os,
1815 1854 1856 1901 ta·

1067 1946 1149 1993 ctum.
1162 1939 1278 1994 Tertium
1297 1939 1407 2011 gradum
1424 1939 1520 1995 animae
1537 1953 1597 1996 esse
1613 1953 1765 2006 summum,
1779 1937 1853 2009 quod

1067 2031 1286 2087 vocaturanimus
1297 2032 1317 2098 ¹,
1331 2030 1358 2086 in
1370 2046 1424 2103 quo
1436 2030 1607 2102 intelligentia
1616 2029 1790 2100 praeeminet:
1800 2030 1852 2085 hoc

1066 2120 1499 2191 praterhontnenomnesearere
1506 2120 1663 2177 mortalem:
1672 2119 1742 2175 banc
1750 2130 1854 2189 partem

1066 2213 1161 2268 animm
1175 2211 1265 2268 mundi
1284 2211 1348 2267 dicit
1365 2212 1462 2279 deum,
1484 2214 1511 2268 in
1532 2212 1609 2269 nobis
1629 2219 1718 2267 autem
1737 2210 1853 2268 Genium

1065 2305 1164 2360 vocari.
1176 2306 1242 2361 iisse
1251 2314 1339 2362 autem
1352 2306 1378 2361 in
1388 2305 1487 2362 mundo
1498 2305 1600 2376 lapides
1609 2320 1640 2361 ac
1649 2313 1758 2370 terram,
1771 2316 1853 2374 quam

1066 2396 1203 2462 videmus,
1218 2413 1272 2468 quo
1284 2412 1336 2453 non
1349 2406 1487 2468 permanat
1498 2411 1609 2464 sensus,
1625 2404 1654 2451 ut
1664 2410 1742 2460 ossa,
1756 2405 1787 2450 ut
1799 2410 1853 2449 un·

1064 2501 1130 2558 gues
1145 2488 1188 2542 dci
1202 2505 1210 2543 :
1224 2488 1308 2543 solem
1322 2502 1395 2553 vero,
1409 2487 1509 2552 lunam,
1522 2486 1622 2552 stelias,
1637 2501 1696 2557 quae
1709 2485 1852 2550 sentimus,

1065 2577 1212 2648 quibusque
1224 2580 1280 2650 ipse
1293 2578 1381 2646 sentit,
1393 2593 1488 2634 sensus
1497 2577 1632 2648 esseejus.
1648 2576 1760 2633 AEthera
1770 2590 1853 2647 porro

1064 2671 1180 2725 animum
1198 2670 1255 2740 ejus
1271 2688 1279 2724 :
1293 2686 1326 2725 ex
1344 2670 1419 2741 eujrns
1437 2671 1480 2736 ti,
1495 2685 1554 2740 qum
1579 2668 1700 2739 pervenit
1713 2669 1740 2723 in
1755 2677 1850 2734 astra,

1064 2764 1148 2832 ipsam
1162 2778 1268 2834 guoque
1281 2762 1369 2818 faeere
1381 2763 1463 2829 deos;
1479 2771 1506 2818 ct
1518 2777 1565 2832 per
1578 2776 1609 2816 ea
1624 2760 1694 2832 quod
1709 2761 1737 2815 in
1751 2767 1853 2816 terram

1064 2862 1193 2924 permeat,
1201 2852 1278 2908 deam
1290 2853 1422 2908 Tellurem
1431 2869 1439 2917 ;
1447 2851 1518 2922 quod
1526 2859 1614 2907 autern
1622 2849 1683 2907 inde
1692 2859 1815 2923 permeat
1825 2849 1852 2906 in

1064 2960 1137 2999 mare
1150 2954 1228 3014 atoue
1240 2959 1380 3009 oceanum,
1390 2943 1469 2999 deum
1483 2957 1543 2998 esse
1555 2941 1706 3012 Neptunum
1719 2942 1740 2995 ⁸.

1097 3037 1125 3091 2.
1145 3035 1246 3092 Redeat
1259 3051 1321 3107 ergo
1335 3036 1369 3091 ab
1393 3036 1458 3100 bac,
1471 3050 1549 3106 quarn
1565 3033 1723 3104 theologiam
1740 3043 1852 3089 natura-

1063 3127 1115 3183 lem
1130 3136 1213 3197 putat,
1224 3143 1276 3199 quo
1291 3127 1361 3182 velut
1371 3125 1553 3196 requiescendi
1565 3139 1644 3180 causa
1656 3124 1690 3180 ab
1702 3124 1744 3179 bis
1756 3125 1851 3180 amba·

1062 3221 1137 3292 gibus
1147 3231 1225 3293 atque
1235 3219 1395 3276 anfractibus
1408 3218 1530 3290 fatigatus
1540 3233 1664 3289 egressus
1673 3227 1722 3274 est.
1735 3217 1849 3286 Redeat,

1062 3312 1188 3384 inquam,
1208 3312 1299 3368 redeat
1319 3313 1352 3368 ad
1367 3311 1471 3367 ciuilem
1486 3329 1493 3365 :
1509 3311 1552 3366 hic
1568 3327 1629 3366 eum
1648 3310 1736 3367 adbuc
1748 3321 1848 3378 teneo,

1062 3407 1189 3476 tantisper
1197 3405 1231 3461 de
1243 3406 1293 3462 bac
1302 3403 1491 3476 agoNondum
1505 3402 1575 3471 dico,
1587 3405 1609 3459 si
1624 3412 1692 3459 terra
1705 3411 1733 3459 et
1744 3403 1850 3473 lapides

1063 3501 1160 3555 nostris
1173 3509 1234 3555 sunt
1244 3497 1349 3553 ossibus
1362 3507 1387 3553 et
1402 3496 1533 3567 unguibus
1546 3496 1656 3558 similes,
1668 3495 1793 3553 similiter
1800 3511 1849 3552 eos

1061 3591 1261 3663 intelligentiam
1274 3605 1327 3645 non
1342 3589 1456 3653 habere,
1472 3589 1540 3643 sicut
1553 3602 1631 3643 sensu
1644 3596 1751 3655 carent,
1764 3598 1812 3644 aut
1825 3590 1849 3645 si

1061 3684 1162 3740 ideireo
1175 3682 1273 3739 babere
1285 3682 1409 3739 dicuntur
1421 3696 1481 3738 ossa
1494 3691 1522 3737 et
1534 3697 1635 3752 ungues
1648 3681 1732 3737 nostri
1746 3681 1848 3738 intelli·

1060 3774 1194 3844 gentiam,
1211 3773 1273 3843 quia
1290 3773 1316 3827 in
1331 3772 1438 3829 homine
1451 3780 1514 3827 sunt
1531 3772 1575 3843 ptri
1597 3771 1677 3827 habet
1694 3771 1847 3843 intelligen-

1060 3865 1140 3930 tiam,
1160 3872 1213 3917 tam
1232 3863 1341 3919 stultum
1360 3876 1420 3919 esse
1439 3863 1484 3932 qui
1502 3861 1551 3916 bos
1565 3861 1629 3916 deos
1647 3860 1674 3914 in
1692 3860 1795 3917 mundo
1806 3861 1848 3916 di·

1059 3957 1106 4023 cit,
1119 3970 1197 4027 quam
1212 3956 1309 4012 stultus
1323 3955 1420 4024 estqui
1436 3954 1462 4009 in
1477 3952 1553 4009 nobis
1567 3967 1626 4008 ossa
1642 3962 1670 4007 et
1681 3967 1783 4023 ungues
1793 3952 1845 4008 ho-

1059 4047 1146 4104 mlnes
1155 4046 1228 4103 dicit.
1241 4046 1292 4103 Sed
1303 4047 1360 4102 hec
1369 4062 1430 4102 eum
1440 4045 1604 4116 philosophis
1614 4044 1735 4101 fortassis
1741 4045 1846 4117 agenda

1058 4146 1138 4193 sunt:
1152 4152 1222 4192 nunc
1234 4146 1321 4192 autem
1335 4138 1415 4192 istum
1427 4135 1514 4191 adlnrc
1526 4136 1661 4208 politicum
1669 4134 1680 4168 ⁸
1688 4136 1759 4192 tolo.
1774 4135 1846 4192 Fieri

1058 4231 1130 4286 enim
1144 4238 1249 4300 potest,
1262 4237 1300 4294 ut,
1314 4229 1376 4286 licet
1387 4229 1414 4283 in
1429 4229 1500 4284 illam
1514 4229 1641 4284 naturalis
1652 4229 1793 4299 theologiae
1803 4244 1846 4285 rc·

1058 4320 1106 4376 luti
1115 4320 1263 4376 libertatem
1271 4329 1351 4390 caput
1360 4319 1463 4389 erigere
1473 4319 1607 4389 paululum
1622 4318 1739 4375 voluisse
1751 4319 1845 4374 ridea-

1058 4421 1116 4478 tur,
1135 4409 1222 4467 adhuc
1238 4420 1325 4466 tamen
1341 4410 1412 4466 Itunc
1426 4410 1521 4465 librum
1534 4424 1663 4476 versans,
1675 4417 1743 4465 etse
1757 4408 1784 4465 ιιι
1799 4410 1846 4465 illo

1058 4503 1156 4559 versari
1171 4503 1306 4572 cogitans,
1325 4518 1384 4558 eum
1403 4501 1484 4557 etiam
1502 4500 1564 4557 inde
1575 4501 1738 4572 respexerit;
1752 4509 1781 4557 et
1793 4500 1845 4557 boc

1057 4605 1196 4667 pmpterca
1206 4595 1312 4664 dixerit,
1324 4612 1357 4653 ne
1371 4594 1486 4666 majores
1495 4595 1563 4666 ojus,
1575 4594 1631 4651 sire
1641 4593 1701 4650 alle
1709 4594 1843 4661 civitates,

1087 4803 1095 4835 ¹
1110 4807 1142 4851 lta
1154 4800 1229 4850 nostri
1240 4807 1291 4848 uss,
1302 4805 1327 4846 ln
1336 4803 1370 4856 lh,
1381 4795 1422 4860 ptri
1433 4799 1529 4865 mentm
1540 4794 1642 4864 ιιιιιιιιιιι.
1686 4800 1716 4843 Ι.

1086 4854 1844 4934 ¹rlleedidaddunt,iatqucquctamnhcnmnesueouidertar

1053 4923 1218 5034 “ffmmffi
1244 4923 1293 5031 III?
1300 4921 1476 5051 &iwan
1486 4975 1624 5050 corariita
1642 4977 1791 5041 legebatur:
1804 4980 1843 5032 sie

1053 5051 1140 5110 ergoet
1150 5044 1176 5094 in
1186 5041 1266 5093 annm
1276 5041 1361 5092 ntunda
1369 5046 1418 5091 tres
1427 5039 1519 5105 gratim
1525 5046 1659 5102 ιιιιιιιιιειιι,
1666 5052 1739 5090 marn
1748 5047 1844 5103 purten

1053 5099 1575 5170 mmlupidereasedioitucfiprm,ethorte
1590 5102 1840 5165 tcrrmocucmride·

1051 5181 1115 5228 mas,
1133 5178 1179 5229 qno
1194 5169 1374 5224 nmoemrnnut
1390 5161 1577 5233 scearamton
1591 5173 1841 5234 wopamnacmmn

1052 5235 1120 5279 uocat
1129 5227 1190 5288 ejus,
1201 5225 1324 5295 atemere
1335 5236 1344 5272 :
1355 5229 1452 5294 tertman¹
1461 5235 1543 5295 porro,
1551 5235 1623 5310 quaro
1633 5229 1657 5273 et
1671 5235 1778 5272 mamam
1787 5236 1841 5286 epse

1052 5296 1181 5414 mitti
1192 5286 1588 5433 ‘liiii‘dffii'mnilffft
1598 5296 1840 5415 idithim

1051 5407 1840 5542 lmr‘lmiathmlhrtuhtmam

1052 5533 1157 5604 tulimus,
1169 5542 1275 5605 omnium
1287 5538 1324 5579 cst
1336 5537 1377 5601 atttt
1387 5531 1494 5599 melioris
1504 5535 1570 5639 1103!
1581 5536 1807 5590 manuscriptorum.

1082 5596 1145 5645 ‘ute
1157 5595 1214 5644 edm
1227 5593 1323 5654 addunt,
1339 5592 1365 5643 nl
1381 5599 1415 5643 cst
1426 5591 1525 5642 ritatem.
1561 5602 1654 5642 amerina
1665 5591 1728 5655 qttmi
1739 5593 1811 5644 abest
1824 5608 1837 5644 a

1051 5658 1225 5720 manuscriptis.
