3900 6390
246 160 298 220 dbl

247 271 472 339 suembemns,
492 270 519 327 in
544 269 637 327 decem
659 274 749 338 partes
762 267 800 323 illi
816 267 991 330 dividebant,
1008 276 1037 322 et

248 362 358 421 easdem
372 372 462 434 partes
475 375 561 417 annos
573 358 714 416 vocabant.
726 358 844 426 Quarum
859 358 974 428 partium
990 356 1037 410 ba·

249 453 296 511 bet
309 468 362 509 nna
375 451 532 523 quadratum
546 452 693 515 serrarium,
706 464 740 505 eo
752 447 823 520 quod
832 449 903 504 licus
917 463 963 504 sex
977 447 1036 504 die·

247 543 300 601 bos
314 542 456 615 perfecerit
464 556 545 613 opera
558 556 624 607 sua,
638 548 667 595 nt
679 541 705 595 in
720 540 834 611 septimo
846 540 1035 609 requiesceret.

247 636 288 694 tte
300 650 353 707 qua
369 651 399 691 re
420 636 447 690 in
458 635 526 689 libro
541 633 682 688 undecimo
700 631 776 704 (Gap.
790 630 917 700 8),sieot
943 631 1034 701 potui,

246 725 391 796 disputavi.
404 724 498 780 sexies
520 732 609 779 autem
623 723 699 786 seni,
714 722 760 792 qui
778 736 905 777 numerus
924 721 1038 791 qnadra-

247 829 304 877 tum
318 819 452 875 senarium
466 815 547 882 lacit,
563 816 669 887 triginta
683 830 730 871 sex
742 815 800 869 dics
813 814 878 869 bunt
894 830 901 867 :
915 813 960 886 qni
970 813 1038 867 mul-

247 912 358 984 tiplicati
368 911 469 976 decies,
480 909 514 965 ad
528 908 805 978 trecentossexaginta
822 906 992 978 perveniunt,
1010 905 1036 962 id

247 1011 290 1060 est
300 1002 441 1059 duodecim
462 1013 568 1057 menses
584 999 700 1055 lunares.
715 999 828 1069 Propter
847 998 965 1070 quinque
978 999 1037 1054 dies

246 1095 319 1151 enixo
332 1095 461 1166 reliquos,
476 1093 571 1165 quibus
584 1091 680 1149 solaris
693 1105 780 1149 aornos
791 1091 934 1162 impletur,
947 1100 975 1148 et
984 1092 1036 1148 diei

246 1185 433 1257 quadrantem,
442 1194 551 1254 propter
558 1198 637 1254 quem
643 1191 737 1253 qnater
745 1182 853 1238 ductum
861 1196 1037 1253 coaano‚qno

247 1277 395 1334 bissextum
410 1283 518 1339 vocant,
533 1290 603 1330 unus
614 1274 671 1330 dies
684 1273 824 1343 adjicitur,
840 1272 1005 1330 addebantur
1020 1289 1036 1329 a

249 1368 384 1425 veteribus
395 1366 592 1439 pesteadies‚ut
601 1373 1035 1429 oecumenetnmnemsannorum,

248 1473 317 1530 quos
336 1458 394 1514 dics
421 1457 533 1512 Romani
561 1456 731 1512 intercalares
754 1454 895 1510 vocabant.
923 1455 1037 1511 Proinde

247 1550 328 1605 etiarn
342 1549 426 1616 Enos,
439 1563 518 1618 qoem
530 1548 622 1618 genuit
631 1545 714 1610 Seth,
728 1545 820 1602 decem
830 1554 857 1601 et
866 1562 960 1601 novem
973 1561 1036 1618 agc-

249 1639 295 1697 bat
303 1654 397 1703 annos,
410 1638 516 1709 quando
529 1653 562 1694 ex
575 1639 620 1693 illo
631 1647 708 1692 natus
720 1645 761 1692 est
773 1635 843 1692 illius
854 1636 912 1706 ejus
922 1636 1033 1702 Cainan,

248 1745 316 1801 quos
325 1743 410 1785 annos
421 1729 485 1784 dicit
495 1728 632 1798 Scriptura
641 1736 748 1782 cerrtmn
761 1726 905 1797 nonaginta
921 1725 995 1798 (Gen.
1008 1742 1035 1793 v,

249 1822 336 1885 Saea.
349 1819 443 1890 tart).
455 1821 486 1874 m
496 1818 622 1889 deinceps
636 1833 684 1889 per
697 1831 791 1872 orrrnes
804 1817 998 1888 generationes,
1009 1817 1035 1872 in

246 1911 343 1984 quibus
356 1911 493 1967 bominum
501 1911 886 1966 arrnicommemoranturante
896 1907 1034 1975 dilnvium,

247 2005 338 2060 nullus
351 2005 406 2060 lere
428 2005 455 2059 iu
470 2004 567 2059 nostris
580 2002 716 2058 codicibus
738 2000 892 2067 invenitur,
906 2002 950 2072 qni
974 2017 1036 2057 cum

247 2106 321 2154 esset
332 2107 439 2153 centum
454 2111 584 2151 annorum
603 2094 647 2150 vel
666 2093 753 2159 inira,
768 2095 809 2150 vel
834 2095 913 2149 otiam
930 2104 1035 2148 centnm

247 2187 351 2258 viginti,
361 2195 407 2242 aut
429 2202 482 2241 non
495 2187 580 2241 multo
593 2184 723 2255 anaplios,
735 2184 854 2254 genuerit
869 2183 951 2240 lllium
964 2200 972 2249 ;
987 2183 1034 2239 scd

247 2282 292 2352 qui
299 2281 407 2335 minima
413 2288 491 2335 aetatc
498 2286 657 2350 gettuemut,
665 2287 771 2333 ceritum
777 2275 1032 2347 sexaginta,etquod

247 2371 389 2435 excurrit,
404 2368 485 2425 luisse
503 2367 655 2424 reseruntur
667 2384 675 2421 :
689 2367 751 2438 quia
778 2380 877 2430 uento,
892 2365 1034 2436 inquiunt,

247 2461 341 2518 decem
353 2475 483 2515 annorum
497 2458 578 2515 borno
593 2467 680 2528 potest
700 2458 808 2529 gignere
823 2456 910 2522 lilios,
924 2458 968 2527 qui
987 2473 1037 2512 nn-

248 2566 339 2608 mems
352 2562 458 2607 centnm
471 2550 671 2621 appellabantur
681 2549 743 2603 aratri
757 2549 791 2604 ab
800 2547 853 2602 illis
865 2546 1033 2613 bonriuibos3

247 2642 295 2699 sed
310 2641 337 2697 in
347 2642 425 2697 annis
437 2641 571 2697 sexdecim
585 2649 627 2696 cst
639 2649 741 2695 matura
766 2640 909 2710 pubertas,
921 2647 949 2695 et
968 2638 1035 2709 proli

245 2731 408 2803 lanridonta
430 2731 612 2802 procreandae,
628 2745 694 2801 quos
718 2740 825 2786 ceritum
847 2738 875 2785 et
899 2733 1035 2802 sexaginta

246 2824 331 2878 anuos
344 2823 388 2878 illa
402 2833 522 2893 tempora
535 2823 733 2893 nuncupabant.
747 2822 783 2879 Ut
795 2833 886 2878 autem
900 2823 978 2879 aliter
989 2839 1035 2879 an·

245 2922 310 2971 nam
323 2923 385 2971 tunc
398 2914 481 2972 luisse
490 2925 671 2986 corrtpntatum
688 2931 739 2971 non
754 2916 789 2971 sit
803 2916 970 2984 incredibile,
985 2918 1034 2973 ad·

244 3005 341 3076 jiciurrt
352 3005 424 3079 qood
438 3005 507 3077 apud
523 3007 665 3078 plerosque
672 3007 816 3080 scriptores
830 3008 947 3064 historiae
957 3024 1035 3079 repc-

245 3099 488 3172 tltur,AEgyptios
503 3099 628 3156 babuisse
650 3115 749 3155 anrrrmr
768 3109 881 3170 quantuor
904 3102 1035 3156 mensium

245 3188 297 3262 (a),
309 3192 462 3247 llcartramas
477 3204 523 3247 sex
537 3191 680 3258 mensium,
689 3190 814 3247 bavinios
823 3191 949 3247 tredecim
960 3207 1034 3247 rrrerr·

246 3282 326 3338 dnm.
342 3280 444 3338 Plinius
459 3281 598 3338 Secundus
619 3297 679 3339 cum
694 3291 946 3349 commemorasset,
962 3282 1033 3339 rela-

244 3379 301 3428 tum
315 3371 396 3428 luisse
409 3373 436 3427 in
451 3373 565 3440 litteras,
574 3372 715 3444 qrremdam
726 3373 825 3429 vixisse
834 3381 942 3428 ceratum
954 3373 1033 3444 qnin-

243 3464 370 3536 quaginta
382 3463 450 3520 duos
462 3479 564 3533 annuos,
579 3464 662 3520 alium
676 3463 789 3520 ¹decem
809 3464 943 3534 amplius,
965 3464 1033 3521 alios

243 3554 422 3611 ducentorum
435 3568 566 3610 annorum
590 3554 715 3611 babuisse
732 3555 833 3619 vitant,
848 3554 914 3610 alios
928 3563 1034 3610 trecen·

245 3654 346 3710 torum,
359 3643 488 3716 quosdam
503 3645 537 3700 ad
550 3648 709 3719 quingentos
722 3685 730 3710 ,
742 3645 809 3700 alios
823 3645 856 3700 ad
870 3655 1010 3702 sexcentos
1023 3686 1032 3712 ,

245 3735 389 3793 nonnullos
400 3735 434 3792 ad
446 3736 614 3806 octingentos
628 3738 708 3793 etiam
722 3740 891 3806 pervenisse,
905 3736 963 3793 baec
976 3753 1034 3792 orn·

245 3827 290 3885 aia
311 3835 419 3898 propter
442 3827 607 3883 inscientiam
630 3835 779 3897 temporum
814 3827 942 3883 accidisse
963 3826 1034 3882 arbi·

244 3929 330 3977 traam
340 3929 392 3977 est.
407 3918 458 3975 etti
480 3920 573 3992 quippe
584 3961 593 3988 ,
606 3921 691 3992 inquit
702 3960 710 3984 ,
722 3929 808 3975 oeattue
822 3937 899 3975 anam
918 3921 1034 3975 determi-

244 4011 339 4067 rtodeut
363 4028 477 4077 annam,
499 4021 523 4066 et
544 4013 651 4067 oberant
671 4011 773 4077 lrieme,·
787 4011 834 4066 atti
846 4012 1033 4083 quadripertitis

245 4101 408 4171 temporibus,
425 4102 489 4155 deut
503 4101 635 4168 Arcades,
649 4101 742 4170 inquil,
752 4103 929 4172 quornmnnns'
940 4103 1034 4157 trimas·

244 4201 296 4249 tres
306 4195 385 4264 [uere.
399 4191 502 4261 Adiecit
522 4193 601 4248 etiam
613 4233 622 4256 ,
635 4191 777 4263 aliquando
795 4192 948 4264 AEgyptios,
964 4209 1031 4264 quo-

245 4294 307 4335 rum
329 4295 425 4351 parvos
439 4296 523 4336 arianos
538 4290 727 4353 quaternorum
740 4283 872 4339 mensium
886 4282 967 4338 luisse
988 4299 1033 4337 su·

245 4386 293 4445 pra
306 4373 433 4440 diximus,
451 4373 520 4428 lunae
534 4372 585 4429 bne
598 4373 726 4431 limitasse
739 4390 849 4432 artuum.
862 4376 952 4447 ltaque
964 4377 1033 4446 apud

243 4478 304 4529 ess,
323 4463 408 4535 inquit
420 4503 428 4530 ,
440 4472 465 4518 et
478 4464 578 4535 singulo
604 4462 686 4518 stillio
710 4482 836 4523 annornm
856 4467 946 4521 rimus
971 4482 1033 4536 prc-

243 4554 397 4630 deuterii).

274 4646 308 4709 2.
327 4647 374 4704 llis
392 4646 464 4705 velut
482 4645 663 4719 probabilibus
676 4648 839 4718 argumentis
852 4648 959 4718 quidam
979 4665 1033 4705 noo

238 4741 416 4801 ,destruentes
428 4741 507 4798 iidem
520 4756 604 4797 sacrae
617 4741 695 4810 hujus
710 4739 837 4808 historiae,
852 4741 899 4797 sed
912 4750 1033 4798 astruere

218 4888 222 4895 .
241 4833 377 4900 nitentes,
391 4849 426 4890 ne
444 4833 480 4889 sit
496 4830 650 4889 incredibile
666 4815 737 4903 qnod
757 4840 809 4887 tam
829 4831 928 4887 multos
946 4847 1032 4889 annos

244 4925 344 4982 vixisse
357 4922 509 4981 referuntur
523 4922 642 4994 antiqui,
655 4933 844 4993 persuaserunt
857 4922 925 4988 sibi,
941 4938 991 4980 nee
1003 4938 1033 4980 ss

195 5069 202 5082 .
242 5010 1032 5090 suadereimprudentcrexistimant,tamexignumspatibm

236 5111 374 5180 temporis
384 5120 447 5168 tunc
456 5125 554 5168 antrum
564 5120 698 5177 vecanam,
711 5119 740 5165 nt
753 5111 789 5165 illi
799 5109 892 5166 decem
901 5111 955 5165 sint
964 5124 1032 5167 unns

244 5209 353 5266 aoawr,
372 5212 397 5258 et
417 5201 510 5259 decem
529 5202 613 5258 nostri
625 5208 731 5259 centurn
747 5200 862 5259 illorum.
876 5201 1031 5281 llocautem

223 5291 420 5363 ,tritissimum
438 5306 498 5349 esse
519 5290 678 5351 documento
699 5294 899 5352 evidentissimo
914 5292 1032 5350 ostendi·

245 5394 300 5444 tur.
312 5381 389 5453 Quod
407 5391 548 5454 arrmqnam
566 5381 679 5451 faciam,
694 5399 746 5440 non
762 5385 825 5441 milri
841 5384 980 5442 tacendum
994 5384 1032 5441 vi·

276 5481 285 5512 ¹
303 5477 387 5528 rtnres
397 5484 461 5535 llas,
472 5470 540 5527 ador.

274 5541 301 5599 (a
324 5539 374 5588 tid.
385 5545 489 5588 lactant.
502 5536 725 5604 llta.21mtit,cap.
741 5540 777 5590 19.

275 5541 313 5666 (dg
325 5601 383 5653 rlitr.
396 5601 438 5651 lib.
450 5600 474 5661 i,
486 5611 539 5662 cap.
551 5600 590 5650 19.

794 153 839 213 DE
854 151 1016 213 cttttntl:
1035 152 1103 220 bttt,
1117 154 1147 213 S.
1164 156 1355 216 dmm

1822 163 1878 220 ddi

1088 269 1183 339 detur,
1193 287 1253 343 qua
1266 271 1419 329 credibilior
1440 273 1528 343 possit
1541 285 1605 331 assa
1621 273 1752 345 nido.
1765 273 1877 347 Patera-

1088 374 1148 413 rnus
1160 368 1234 416 certe
1245 360 1314 416 bane
1327 362 1551 419 asseverationem
1564 377 1597 418 ex
1611 363 1727 420 hebraeis
1739 363 1877 423 codicibus

1088 449 1248 520 redarguere
1259 460 1338 522 atque
1347 453 1516 517 convincere,
1535 452 1876 510 ubibdamnondncento·

1088 556 1147 596 rum
1160 543 1277 613 triginta,
1287 544 1334 600 sed
1345 554 1451 601 eentum
1466 545 1573 617 triginta
1592 561 1722 602 annorum
1738 544 1821 603 luisse
1833 562 1876 603 re·

1088 634 1200 704 peritur,
1209 634 1315 704 qnando
1325 636 1430 691 tertium
1443 638 1535 708 genuit
1549 637 1632 693 filium
1643 636 1653 710 (
1665 636 1764 705 Genu,
1776 636 1805 709 3)
1817 639 1876 709 :qui

1088 726 1189 781 annisi
1213 728 1341 783 tredecim
1361 729 1446 784 nostri
1463 736 1545 796 snut,
1564 729 1657 800 procul
1668 728 1750 785 dubio
1761 728 1876 801 primum

1088 819 1189 889 genuit,
1204 821 1310 890 quando
1323 820 1444 878 undecim
1456 822 1498 878 vel
1509 837 1562 877 non
1572 823 1656 879 multo
1666 823 1876 894 ampliusanno·

1089 927 1147 967 rum
1160 911 1217 967 luit.
1232 912 1297 980 Quis
1311 922 1398 984 potest
1417 914 1467 971 lrac
1481 923 1559 971 sente
1572 929 1703 986 generare
1714 915 1812 972 usitata
1827 917 1875 972 ista

1088 1001 1218 1072 nobisque
1229 1002 1364 1059 rrodssima
1376 1003 1434 1076 lege
1443 1005 1560 1060 naturaei
1569 1004 1623 1060 Sed
1634 1005 1874 1070 buncomittamus,

1087 1091 1133 1161 qni
1147 1092 1260 1149 lortasse
1276 1095 1356 1151 etiam
1375 1095 1482 1166 quando
1502 1105 1608 1152 creatus
1626 1105 1678 1164 est,
1700 1097 1798 1168 potuit.
1817 1097 1876 1152 lion

1087 1182 1231 1238 enimcum
1247 1191 1300 1238 tam
1321 1199 1440 1254 parvum,
1459 1200 1538 1256 quam
1558 1185 1672 1241 infames
1690 1188 1774 1242 nostri
1794 1196 1874 1254 snut,

1088 1273 1187 1330 lactum
1201 1275 1299 1343 luisse,
1314 1276 1441 1333 credibile
1453 1287 1504 1333 est.
1520 1277 1574 1334 Sed
1593 1278 1664 1333 tilius
1682 1278 1741 1349 ejus
1757 1293 1810 1335 aon
1824 1279 1872 1335 du·

1088 1375 1224 1422 centorum
1237 1367 1370 1438 quinque,
1392 1367 1460 1422 sicut
1482 1383 1530 1424 nos
1549 1368 1677 1440 legimns,
1698 1368 1748 1425 sed
1768 1380 1874 1425 centum

1087 1456 1203 1527 quinque
1223 1456 1282 1524 tuit,
1297 1455 1402 1528 quando
1415 1459 1506 1528 gennit
1524 1459 1596 1514 Eoos
1611 1459 1704 1529 (tlte,
1718 1460 1765 1531 iil:
1782 1474 1815 1515 ac
1829 1474 1876 1530 pet

1088 1548 1155 1617 boc,
1170 1549 1313 1605 secundum
1325 1551 1407 1619 istos,
1429 1551 1546 1606 nondum
1561 1550 1675 1607 habebat
1687 1552 1809 1607 undecim
1827 1568 1874 1606 an-

1087 1656 1138 1696 nos
1149 1642 1244 1697 auris.
1258 1641 1325 1709 Quid
1339 1641 1425 1697 dicam
1438 1642 1472 1697 de
1485 1642 1584 1697 mitian
1597 1642 1655 1711 ejus
1670 1643 1735 1711 lilio,
1756 1643 1800 1713 qui
1814 1658 1874 1696 cum

1086 1732 1156 1802 apud
1170 1744 1336 1788 noscemnm
1357 1734 1524 1804 septuaginta
1543 1734 1712 1802 reperiatur,
1733 1734 1804 1804 apud
1824 1732 1875 1788 lle-

1086 1821 1174 1878 braoos
1184 1824 1348 1894 septuaginta
1367 1823 1462 1895 legitur
1474 1822 1573 1890 luisse,
1589 1824 1697 1894 quando
1708 1825 1801 1896 genuit
1821 1823 1875 1878 lla-

1087 1914 1182 1970 lalebcl
1198 1915 1228 1982 (1
1232 1915 1296 1983 lid,
1311 1915 1377 1987 tall
1391 1916 1456 1985 Quis
1470 1927 1580 1987 generat
1593 1916 1673 1972 bomo
1687 1918 1834 1988 septennis,
1851 1918 1874 1975 sl

1087 2014 1150 2061 tunc
1160 2009 1221 2062 artari
1234 2009 1399 2080 septuaginta
1417 2010 1636 2080 nuncupabantur
1646 2010 1692 2081 qui
1703 2022 1807 2080 septem
1819 2010 1876 2067 lnc-

1088 2101 1170 2154 runt?

1087 2211 1199 2269 carot
1218 2213 1286 2269 xttt.
1306 2243 1342 2256 ·-
1359 2215 1399 2270 Aa
1413 2215 1439 2270 iu
1453 2215 1653 2271 dinumeratione
1662 2232 1804 2282 ausorum,
1820 2215 1874 2271 He-

1121 2305 1245 2360 lroeoram
1257 2308 1337 2380 magia
1349 2324 1425 2379 quant
1438 2309 1604 2381 Septuaginta
1614 2309 1778 2381 interpretaur
1790 2310 1823 2365 sit
1833 2327 1876 2365 se«

1120 2401 1219 2470 qaenda
1230 2401 1375 2457 mortus.

1123 2514 1149 2567 l.
1161 2512 1214 2569 Sed
1227 2528 1287 2569 cum
1301 2512 1352 2569 lroc
1364 2513 1466 2580 dixero,
1478 2511 1744 2569 continuorclerctnr
1756 2512 1819 2568 illud
1828 2512 1873 2568 Ju-

1086 2603 1204 2662 anorum
1215 2620 1274 2660 esse
1284 2604 1465 2672 mendacium;
1475 2603 1509 2659 de
1519 2619 1572 2675 quo
1581 2605 1703 2674 superius
1711 2603 1777 2659 satis
1786 2615 1873 2659 actum

1086 2705 1149 2753 cst:
1170 2712 1232 2753 nam
1253 2697 1425 2767 Septuaginta
1446 2696 1605 2767 interpretes
1620 2694 1872 2752 laudabilitercelc·

1085 2788 1176 2845 beatos
1194 2788 1266 2844 viros
1286 2804 1339 2843 rron
1362 2787 1480 2859 potuisse
1496 2787 1612 2842 mentiri.
1627 2786 1680 2877 Ubi
1692 2787 1714 2841 si
1736 2800 1871 2857 quaeram,

1085 2881 1149 2954 quid
1167 2881 1202 2937 sit
1219 2881 1390 2948 credibilius,
1411 2879 1562 2937 luteorum
1579 2889 1706 2952 gentem,
1728 2889 1782 2935 tam
1797 2879 1873 2951 longe

1086 2975 1191 3046 lateque
1205 2972 1327 3028 dilinsam
1340 3014 1348 3036 ,
1362 2973 1387 3027 in
1404 2972 1454 3028 boc
1467 2971 1689 3028 conscribendum
1704 2971 1871 3028 mandacium

1085 3078 1139 3121 nno
1149 3065 1261 3121 consilio
1272 3064 1425 3134 conspirare
1438 3064 1564 3134 potuisse,
1577 3071 1605 3118 ct
1613 3063 1675 3118 dum
1685 3063 1745 3119 aliis
1755 3063 1874 3119 invident

1084 3157 1287 3226 anctoritatem,
1307 3157 1358 3213 sibi
1373 3155 1515 3213 abstulisse
1533 3157 1690 3222 veritatem;
1705 3170 1742 3211 an
1762 3166 1871 3227 septua-

1083 3251 1158 3322 ginta
1177 3248 1361 3320 bomines,qni
1372 3249 1452 3305 ctiam
1464 3247 1513 3318 ipsi
1523 3247 1604 3304 ludaei
1615 3257 1701 3313 erant,
1713 3248 1741 3303 in
1750 3263 1804 3304 uno
1814 3248 1872 3303 loco

1084 3343 1195 3416 positos,
1206 3339 1504 3414 quoniamrexAEggpti
1519 3338 1678 3395 Ptolemaeos
1705 3352 1753 3395 eos
1775 3339 1809 3393 ad
1822 3337 1872 3394 boc

1084 3446 1152 3505 opus
1167 3432 1316 3500 asciverat,
1330 3432 1414 3503 ipsam
1428 3431 1566 3486 veritatem
1579 3429 1702 3500 gentibus
1716 3429 1872 3501 alienigenis

1084 3522 1221 3590 invidisse,
1234 3529 1262 3580 et
1272 3523 1466 3580 communicato
1482 3520 1551 3577 istud
1564 3519 1660 3577 iecisse
1671 3521 1801 3577 consilio:
1812 3522 1871 3590 quis

1084 3630 1137 3673 non
1152 3613 1240 3671 videat
1251 3612 1314 3686 quid
1329 3613 1472 3686 proclivius
1487 3612 1644 3684 lacilinsqne
1656 3612 1804 3668 credatur?
1817 3611 1869 3668 Sed

1083 3705 1153 3761 absit
1164 3712 1192 3759 ut
1206 3703 1321 3776 prudens
1333 3702 1476 3775 quispiam,
1487 3703 1530 3758 vcl
1539 3701 1645 3758 ludaeos
1657 3702 1799 3772 cujuslibet
1809 3717 1870 3774 per·

1084 3796 1218 3853 versitatis
1238 3803 1318 3866 atque
1339 3793 1447 3849 malitie
1470 3801 1572 3848 mntnru
1594 3793 1712 3864 potuisse
1731 3792 1823 3849 credat
1844 3793 1870 3847 in

1083 3886 1220 3943 codicibus
1234 3892 1287 3940 mm
1302 3883 1393 3939 multis
1405 3892 1431 3938 et
1445 3892 1498 3937 tam
1514 3883 1591 3953 longe
1605 3883 1710 3953 lateque
1722 3882 1869 3952 dispersis;

1086 3978 1125 4034 vel
1137 3977 1308 4048 Septuaginta
1327 3976 1386 4031 illos
1403 3975 1590 4030 memorabiles
1604 3977 1677 4030 viros
1693 3975 1787 4030 bocde
1803 3976 1870 4031 inri-

1084 4068 1170 4126 denda
1191 4069 1314 4140 gentibus
1332 4069 1443 4122 veritate
1457 4081 1538 4121 onum
1556 4067 1767 4122 communicasse
1780 4068 1870 4121 conisi·

1084 4160 1160 4218 lium.
1173 4159 1331 4215 credibilius
1345 4172 1409 4228 ergo
1421 4157 1481 4228 quis
1497 4156 1612 4220 dixerit,
1632 4173 1693 4213 cum
1708 4159 1822 4227 primunr
1837 4159 1870 4213 rie

1084 4252 1243 4311 bibliotheca
1254 4251 1389 4307 Ptolemaei
1400 4249 1514 4305 describi
1528 4251 1577 4304 ista
1587 4258 1735 4320 ceperunt,
1748 4259 1810 4304 trrnc
1821 4251 1870 4304 ali·

1083 4343 1147 4416 qnid
1162 4343 1214 4399 tale
1228 4342 1284 4398 beri
1298 4341 1415 4411 notuisse
1428 4341 1454 4395 in
1467 4340 1559 4396 codice
1570 4356 1633 4408 urvo,
1648 4341 1750 4395 scilicet
1761 4341 1769 4372 ¹
1781 4341 1872 4412 primi·

1085 4447 1128 4492 tus
1148 4435 1210 4491 inde
1229 4434 1380 4505 descripto,
1402 4432 1472 4487 unde
1488 4433 1543 4502 jam
1565 4432 1644 4487 latius
1656 4444 1811 4498 emanaret,
1827 4433 1870 4486 ulti

1084 4531 1170 4603 potuit
1187 4528 1292 4601 quidem
1311 4528 1433 4584 accidere
1451 4527 1531 4583 etiam
1552 4527 1688 4596 scriptoris
1708 4541 1794 4582 error.
1818 4526 1871 4583 Sed

1085 4627 1135 4683 boc
1148 4627 1174 4681 in
1189 4626 1232 4681 illa
1245 4624 1392 4697 quaestione
1403 4623 1438 4679 de
1451 4622 1506 4677 vita
1520 4621 1694 4677 blatbusalem
1707 4637 1761 4677 non
1775 4622 1870 4676 absur-

1084 4718 1147 4773 dum
1161 4723 1203 4772 est
1214 4715 1341 4786 suspicari
1353 4730 1361 4780 ;
1375 4722 1402 4769 οι
1420 4714 1446 4768 in
1466 4713 1511 4768 illo
1523 4712 1594 4779 alio,
1617 4711 1661 4768 nbi
1684 4711 1872 4782 superantibus

1085 4811 1176 4883 viginti
1190 4816 1217 4864 et
1228 4816 1342 4881 quatuor
1355 4809 1432 4862 annis
1445 4820 1548 4861 summa
1568 4820 1621 4862 non
1635 4805 1770 4861 convenit.
1788 4803 1816 4860 ln
1830 4805 1873 4862 bis

1083 4915 1170 4960 antem
1190 4901 1326 4972 inquibus
1345 4899 1514 4956 continuatur
1532 4896 1615 4969 ipsius
1633 4896 1817 4953 mendositatis
1835 4896 1874 4952 si·

1084 4996 1214 5063 mititudo,
1229 4994 1264 5048 ita
1277 5003 1306 5049 ut
1317 5001 1378 5049 ante
1391 4991 1508 5062 genitum
1521 4989 1622 5055 lilium,
1638 4989 1683 5060 qui
1696 4988 1783 5044 ordini
1796 4987 1872 5044 inse·

1084 5090 1160 5152 ritur,
1175 5086 1237 5143 alibi
1250 5084 1386 5156 supersint
1402 5092 1510 5139 centum
1524 5083 1605 5149 anni,
1619 5081 1681 5138 alibi
1693 5080 1796 5144 desint;
1812 5088 1874 5150 post

1082 5180 1200 5251 garritum
1214 5184 1304 5234 autem
1327 5176 1372 5233 nbi
1392 5175 1520 5241 deerant,
1541 5175 1694 5246 supersiut;
1708 5172 1752 5228 ubi
1773 5185 1873 5242 super-

1083 5279 1169 5337 erant,
1182 5269 1280 5337 desint,
1295 5277 1325 5325 nt
1336 5280 1441 5323 summa
1452 5267 1610 5333 conveniat;
1621 5272 1649 5322 et
1660 5265 1711 5320 ltoc
1723 5264 1750 5321 in
1763 5262 1873 5336 pria,

1084 5362 1211 5431 secunda,
1229 5361 1316 5424 tertia,
1330 5368 1437 5433 quarta,
1451 5358 1561 5433 quinta,
1573 5358 1686 5430 septima
1699 5356 1872 5429 generations

1084 5455 1217 5515 invonitur
1233 5470 1241 5508 ι
1255 5452 1358 5512 videtur
1370 5452 1471 5511 babere
1485 5450 1645 5523 qnamdam,
1664 5448 1752 5506 si'dici
1765 5454 1862 5518 pateat,

1113 5598 1122 5632 ὅ
1141 5601 1204 5659 HS„
1216 5596 1268 5648 ted·
