3900 6390
240 250 292 311 tib
773 247 816 304 lili
834 246 995 306 civitate
1014 245 1082 318 bel,
1101 248 1131 307 S·
1151 248 1332 310 incusum
1817 256 1871 314 teu

239 385 314 442 reddi
326 399 379 440 non
392 393 488 456 potest.
502 383 579 442 ilude
591 383 697 440 Veritas
711 381 784 449 dicit,
799 383 829 438 Si
839 398 881 438 eos
898 382 979 438 l'ib'na
994 383 1027 437 li·
1081 384 1192 457 intelligi
1202 386 1304 455 voluit,
1323 388 1368 459 qui
1383 387 1409 444 id
1423 388 1494 460 quod
1505 389 1614 458 faciunt,
1632 407 1684 446 nnn
1701 400 1797 463 putant
1809 408 1870 451 csse

240 479 371 545 insumit,
381 487 439 531 tnnc
451 494 507 532 uere
518 476 589 532 liberi
601 475 763 549 eritir(.lonn.
772 492 829 541 vtn,
841 475 897 544 56).
912 475 1027 544 idipsum
1079 487 1216 548 peccatum
1227 499 1233 534 :
1243 481 1287 536 ille
1299 491 1386 536 autern
1400 483 1485 538 scivit.
1498 485 1622 555 Alioquin
1636 486 1869 555 ‹qubuvodovcmnr

240 579 282 624 est
294 579 396 633 autem,
408 583 440 623 ec
452 569 475 622 st
487 567 603 633 diceret,
618 569 647 623 st
659 582 707 621 vos
721 567 803 621 stitus
818 567 905 621 mltos
924 565 1026 631 secent,
1080 572 1147 639 crit,
1165 573 1246 626 auam
1260 590 1310 628 aaa
1329 580 1365 628 en
1383 576 1520 631 seducens?
1533 576 1585 632 Seu
1604 578 1759 648 inexpertus
1774 578 1870 637 dietus

240 671 377 717 tuncverc
398 661 463 716 salvi
478 661 563 718 eritis.
589 660 652 717 lude
671 662 769 732 quippe
790 661 937 727 liberator,
960 660 1028 715 unde

240 755 369 811 salvator.

276 846 304 899 i.
317 844 429 901 Vivebat
446 845 534 916 itaque
549 844 629 900 bomo
649 845 792 901 secuudum
808 845 890 900 licum
909 843 936 899 in
953 860 1028 914 para-

241 936 315 1001 diso,
331 944 357 992 ei
372 935 504 1006 corporali
518 946 545 991 et
556 935 695 1004 spirituali.
718 935 811 1005 Neque
825 936 896 989 cuim
910 943 968 990 erat
983 950 1029 1005 pa·

240 1026 346 1083 radisus
364 1027 511 1098 corporalis
524 1040 632 1097 propior
644 1026 764 1097 corporis
777 1026 860 1092 bona,
880 1036 908 1081 et
921 1034 1028 1096 propter

242 1120 340 1174 metatis
355 1134 408 1173 uon
421 1129 479 1173 erat
490 1117 636 1188 spiritualis
648 1133 655 1182 ;
678 1127 723 1172 aut
735 1132 799 1173 vero
811 1124 869 1172 erat
882 1115 1028 1186 spiritualis

241 1225 294 1282 quo
308 1225 357 1280 per
377 1209 537 1274 interiores,
557 1219 585 1266 et
604 1225 658 1264 non
678 1217 736 1265 erat
748 1209 894 1280 corporalis
907 1225 961 1280 quo
980 1224 1028 1280 per

241 1304 388 1359 exteriores
400 1316 496 1358 seusus
510 1301 591 1358 homo
603 1302 745 1357 frueretur.
759 1302 822 1356 Erat
831 1300 910 1373 plane
924 1311 1026 1356 utrum·

242 1409 294 1466 qne
305 1403 415 1466 propior
427 1401 568 1464 utrumque
583 1392 633 1463 (ol.
654 1394 749 1449 Postea
763 1408 828 1462 vero
842 1407 920 1462 quarn
933 1408 1027 1464 super-

243 1482 293 1540 iius
307 1484 353 1539 ille
365 1484 492 1555 augelus,
509 1498 541 1539 ec
558 1499 607 1555 per
626 1484 678 1539 boc
700 1484 823 1553 invidus,
846 1500 894 1556 per
906 1485 1027 1542 eamdem

243 1573 395 1646 snperbiam
409 1590 423 1629 a
435 1574 534 1630 licead
551 1576 722 1645 semetipsum
736 1590 900 1641 conversus,
914 1576 1029 1647 quodam

242 1667 318 1738 quasi
333 1667 470 1739 tyrannico
492 1666 560 1721 fastu
579 1664 694 1734 gaudere
716 1666 848 1733 subditis,
870 1681 948 1737 quam
968 1680 1029 1723 esse

243 1756 364 1812 subditus
376 1756 497 1828 eligens,
520 1755 696 1826 despirituali
721 1757 843 1828 paradiso
864 1757 961 1814 cecidit
983 1755 1029 1831 (de

242 1847 318 1918 cnjus
332 1847 405 1918 lapsu
417 1849 603 1918 sociorumque
612 1848 680 1918 ejus,
696 1849 740 1920 qui
753 1864 787 1904 ex
799 1849 907 1921 Angelis
922 1849 969 1906 Dei
982 1865 1030 1909 an·

242 1939 295 2012 geli
307 1938 364 2010 ejus
374 1937 460 1995 effecti
473 1946 545 2009 sunt,
560 1940 586 1994 in
600 1938 673 1994 libris
686 1939 825 1995 undecimo
835 1949 862 1996 et
871 1939 1030 1997 duodecimo

241 2029 323 2102 fruJus
336 2031 424 2100 operis
435 2030 517 2098 satis,
530 2038 658 2101 quantum
671 2031 757 2100 potui,
770 2030 928 2103 disputavi),
944 2032 1029 2088 male·

241 2121 326 2178 suada
339 2123 349 2155 ²
360 2124 475 2179 versutia
488 2123 515 2178 in
532 2121 648 2180 bominis
662 2138 756 2180 sensus
773 2138 880 2193 verpere
890 2124 1028 2195 affectans,

241 2215 286 2272 cui
299 2215 390 2287 utique
400 2215 497 2285 stanti,
511 2216 635 2287 quoniam
652 2216 710 2287 ipse
724 2215 869 2285 ceciderat,
884 2216 1028 2283 invidebat,

241 2305 381 2363 colubrum
393 2305 420 2361 iu
436 2306 559 2377 paradiso
569 2307 712 2378 corporali,
727 2306 771 2363 ubi
784 2322 844 2363 cum
856 2307 960 2364 duobus
978 2307 1030 2364 iliis

243 2397 395 2453 bominibus
413 2397 532 2454 masculo
543 2407 571 2453 et
587 2397 686 2454 femina
703 2398 826 2454 animalia
845 2399 924 2454 etiarn
943 2410 1030 2454 terrc-

244 2489 310 2546 stria
321 2499 418 2546 cetera
440 2490 545 2547 solidita
562 2499 590 2547 et
610 2490 719 2546 innoxie
731 2491 917 2560 versabantur,
931 2491 1029 2547 animal

243 2580 344 2637 scilicet
352 2578 481 2637 lubricum
490 2592 517 2637 et
529 2581 655 2638 tortuosis
663 2581 824 2638 anfractibus
836 2582 944 2650 mobile,
955 2583 1031 2654 operi

244 2685 457 2743 suocongruum,
474 2687 523 2743 per
541 2687 621 2743 quern
636 2672 809 2743 loqueretur,
824 2673 922 2745 elegit;
945 2689 1031 2745 eoque

244 2775 293 2832 per
310 2762 456 2832 angelicam
478 2764 646 2833 praesentiam
670 2765 935 2836 praestantioremque
952 2775 1031 2820 uatu-

244 2869 301 2909 ram
316 2855 448 2924 spirituali
463 2856 582 2926 nequitia
593 2855 643 2912 sibi
655 2856 786 2926 subiecto,
806 2869 834 2913 et
848 2866 971 2929 tauquam
987 2858 1029 2914 in·

242 2952 392 3001 strumento
400 2947 520 3012 abutens,
529 2944 631 3005 fallacia
642 2947 652 2980 ¹
662 2947 901 3004 sermocinatusest
908 2947 1028 3006 femine:

244 3051 260 3092 a
277 3047 352 3107 parte
364 3038 605 3095 scilicct'iuleriore
623 3039 696 3096 illius
709 3040 831 3097 humanae
844 3042 948 3112 copule
959 3042 1030 3099 inci·

244 3128 331 3198 piens,
348 3137 377 3184 ut
394 3130 524 3201 gradatim
546 3131 697 3201 perveniret
713 3131 747 3186 ad
762 3135 1031 3199 toturn;nonctisti·

243 3233 320 3274 mans
334 3219 419 3275 virum
434 3220 509 3276 facile
522 3222 675 3289 credulum,
698 3237 748 3279 nec
760 3222 873 3278 errando
893 3237 972 3293 posse
984 3223 1032 3281 de-

244 3310 308 3380 cipi,
321 3309 369 3366 sed
384 3309 446 3365 dum
458 3311 546 3367 alieno
565 3311 635 3367 cedit
648 3313 744 3368 errori.
764 3309 839 3368 Sicut
855 3313 926 3368 enim
939 3314 1030 3370 Aaron

245 3401 343 3456 erranti
356 3402 455 3472 populo
466 3401 499 3456 ad
516 3401 616 3457 idolum
631 3401 812 3458 fabricandum
828 3417 880 3458 non
895 3404 1032 3462 consensit

243 3490 382 3555 inductus,
405 3491 452 3547 sed
473 3492 554 3547 cessit
576 3493 720 3548 obstrictus
741 3491 839 3564 (seat.
854 3509 938 3560 xxxiv,
953 3495 1027 3567 3-5);

244 3596 294 3638 nec
315 3580 476 3638 salomonen
497 3579 624 3636 credibile
647 3590 689 3636 est
711 3597 804 3653 crpore
825 3592 933 3653 putasse
954 3583 1032 3642 idolis

245 3686 306 3727 esse
320 3671 487 3728 serviendum
500 3712 508 3738 ,
531 3671 577 3728 scd
599 3673 734 3730 blanditiis
748 3672 870 3732 femineis
884 3676 918 3731 ad
932 3677 976 3732 illa
989 3692 1032 3734 sa·

244 3763 352 3834 crilegia
373 3763 454 3819 fuisse
475 3765 641 3834 compulsum
655 3764 702 3835 (ιιι
713 3765 777 3837 lieg.
794 3781 840 3832 ιι,
853 3766 881 3840 l)
899 3784 906 3822 ι
920 3768 958 3824 ιιι
971 3784 1031 3826 cre·

244 3853 360 3909 dendum
370 3862 421 3920 cst,
435 3855 509 3910 illum
522 3857 607 3910 virum
616 3869 672 3911 suae
682 3853 800 3924 feminae,
816 3858 861 3913 oni
876 3873 968 3926 uuum,
981 3858 1032 3916 ito·

245 3948 344 4004 minem
367 3947 486 4015 bomini,
511 3947 651 4020 conjugem
677 3949 801 4021 coniugi,
827 3949 861 4006 ad
886 3951 932 4007 [lei
945 3950 1032 4023 legem

245 4038 490 4110 transgrediendam
503 4081 511 4108 ,
524 4055 577 4095 nou
596 4050 722 4112 tanquam
736 4057 827 4097 verum
843 4042 962 4114 loquenti
971 4058 1033 4100 cre·

244 4130 344 4188 didisse
356 4131 510 4195 seductum.
524 4132 571 4188 sed
581 4133 674 4188 sociali
689 4133 885 4190 necessitudine
898 4136 1032 4205 paruisse.

245 4219 304 4277 Aen
316 4221 386 4277 enirn
397 4220 493 4277 frustra
506 4221 573 4278 dixit
589 4222 755 4293 Apostolus,
780 4222 833 4279 Sed
846 4234 870 4280 et
887 4225 969 4281 Adam
981 4243 1033 4282 non

246 4320 282 4368 etl
292 4312 417 4377 seductus,
433 4313 523 4367 molier
534 4321 617 4368 ontnn
627 4314 732 4370 seducto
745 4323 781 4370 est
793 4315 816 4382 (l
832 4314 898 4372 Tim.
914 4332 951 4386 ιι,
965 4318 1030 4389 fil:

246 4402 297 4458 nisi
310 4403 371 4474 quia
385 4401 429 4458 illa
442 4401 515 4473 quod
530 4404 554 4459 ci
570 4418 681 4475 serpeus
699 4405 803 4462 locutos
823 4416 883 4473 est,
906 4416 1040 4480 tauquam,

246 4507 340 4549 verum
350 4500 430 4558 essct,
442 4492 555 4562 accepit,
569 4493 614 4548 illc
628 4503 717 4549 autern
730 4495 764 4550 ab
776 4497 855 4553 unico
869 4498 954 4554 noluit
966 4514 1034 4555 con·

245 4582 331 4638 sertio
350 4581 451 4648 dirimi,
469 4597 519 4638 nee
533 4581 559 4636 in
572 4583 762 4641 communione
775 4588 894 4656 peccati;
910 4603 960 4644 uec
972 4587 1033 4645 ideo

247 4673 422 4742 minusreos,
444 4673 491 4730 scd
505 4673 592 4729 sciens
604 4672 793 4747 ‘prudensque
811 4680 941 4749 peccavit.
957 4678 1033 4737 llude

246 4775 275 4822 et
293 4766 437 4837 Apostolus
457 4781 510 4822 non
525 4766 580 4834 ait,
600 4765 658 4822 Non
682 4770 819 4839 peceavit3
838 4770 903 4841 scd,
925 4770 986 4827 Non
998 4782 1033 4830 ert

247 4856 373 4912 monetur.
399 4855 466 4912 liam
486 4857 576 4928 utiquc
598 4857 687 4929 ipsum
708 4859 825 4916 ostendit
841 4859 871 4929 ⁸,
896 4862 939 4918 ubi
958 4863 1031 4934 dicit,

249 4944 302 5002 Per
315 4963 393 5001 ιιιιιιιιι
406 4948 531 5003 flaminem
551 4949 653 5004 introvit
667 4958 796 5022 peccalum
814 4951 841 5007 ir
854 4953 995 5009 madunt:
1006 4963 1034 5011 ef

247 5038 327 5107 paulo
342 5048 402 5110 post
412 5039 545 5110 apertius,
562 5038 787 5111 insimilitudine,
804 5043 900 5114 inquit,
915 5047 1034 5117 prevari-

248 5129 354 5184 cationis
364 5131 426 5188 Aule
439 5130 528 5202 (Rom.
542 5147 578 5198 v,
590 5132 641 5200 li,
656 5133 712 5207 ll).
732 5133 788 5190 Eos
800 5143 890 5192 autent
909 5135 1034 5194 seductos

279 5281 289 5314 ¹
307 5281 372 5330 vind.
387 5293 435 5332 rm.
447 5290 485 5334 ier.
495 5293 522 5336 et
531 5285 640 5336 nonnulli
651 5293 715 5348 tiss,
733 5287 968 5341 malaudimontem
979 5290 1033 5344 fere

248 5349 312 5403 tus,
323 5342 516 5418 nnrlmuodendo.
528 5345 611 5398 uenus
619 5354 683 5409 tor,
691 5348 839 5411 molemodo,
846 5358 874 5404 ut
881 5352 944 5417 apud
949 5350 1031 5421 tirgd.

247 5403 747 5538 effusissimum
757 5410 863 5464 ‘mi'

280 5528 291 5560 ¹
305 5533 341 5577 Et.
355 5536 381 5579 et
392 5537 452 5590 tiss,
468 5541 489 5579 ιι
500 5531 584 5582 adens.

279 5589 291 5662 ⁸.
305 5591 371 5676 snivi,
380 5591 458 5655 ιριιιιι
468 5604 577 5656 peccone
585 5592 694 5646 οιιιιιιιιι.
704 5597 785 5662 abest,
797 5611 917 5666 peccone,
928 5613 1031 5655 ananie

245 5659 390 5775 ambagum
401 5726 483 5779 snpra,
494 5712 535 5767 lib
550 5715 587 5780 le,
599 5727 651 5783 etp.
661 5716 701 5769 st.

1080 665 1230 720 severitatis
1243 669 1270 720 ln
1283 681 1315 720 co
1325 667 1381 722 falli
1400 668 1494 736 potuit,
1511 678 1537 722 ut
1553 670 1657 726 veniale
1672 671 1794 726 crederet
1809 688 1871 728 csse

1080 754 1263 810 commissum.
1291 755 1330 811 Ac
1345 771 1392 825 per
1410 757 1459 812 boc
1472 758 1497 811 in
1519 773 1552 813 eo
1574 759 1681 829 quidem
1704 777 1758 830 quo
1772 763 1872 818 mulier

1080 845 1187 900 seducta
1200 854 1256 914 est,
1275 862 1328 902 nou
1346 856 1386 902 est
1405 847 1448 903 ille
1468 848 1610 917 seductus,
1627 851 1674 906 sed
1689 867 1749 905 cum
1765 851 1871 917 fefellit,

1080 931 1213 1001 quomodo
1225 931 1311 988 fuerat
1321 932 1492 1003 judicandum
1503 935 1573 1006 quod
1588 947 1646 991 erat
1658 936 1778 993 dicturus
1790 979 1797 1002 ,
1812 937 1872 991 llo·

1080 1023 1127 1077 fier
1135 1040 1210 1094 quom
1221 1023 1312 1081 dedisti
1321 1032 1436 1082 rrtecnnr¹
1450 1068 1458 1093 ,
1472 1028 1527 1098 ipro
1541 1028 1603 1082 mibi
1624 1028 1711 1093 dedit,
1725 1038 1750 1082 et
1764 1029 1873 1082 avondu-

1080 1115 1134 1168 caoi
1149 1113 1224 1183 (Gen.
1240 1131 1285 1181 ru,
1301 1116 1358 1187 lii.
1373 1118 1440 1187 Quid
1449 1133 1513 1189 ergo
1523 1120 1644 1189 pluribus
1659 1120 1717 1192 (oli
1730 1120 1787 1176 Etsi
1810 1135 1871 1176 cre-

1081 1204 1168 1261 dendo
1177 1222 1229 1262 non
1244 1218 1306 1264 sunt
1320 1210 1400 1266 ambo
1415 1210 1534 1281 decepti,
1546 1212 1681 1282 peccando
1690 1221 1780 1269 tamen
1792 1213 1871 1269 auvbo

1080 1304 1142 1350 suut
1155 1297 1235 1366 capti,
1251 1307 1278 1353 et
1289 1298 1387 1355 diaboli
1404 1299 1506 1371 laqueis
1518 1300 1656 1371 implicati.

1079 1383 1192 1444 CAPUT
1212 1387 1269 1443 illl.
1283 1418 1319 1430 -
1332 1387 1372 1445 De
1383 1389 1504 1461 qualitate
1518 1392 1593 1461 privati
1609 1394 1704 1464 peccati
1719 1409 1764 1464 per
1787 1393 1870 1448 beuti·

1368 1499 1426 1538 acm
1438 1482 1551 1539 admissi.

1115 1571 1145 1630 st
1159 1588 1237 1645 quem
1246 1589 1310 1632 vero
1320 1584 1419 1643 movet,
1433 1591 1480 1632 cur
1492 1577 1554 1633 aliis
1581 1577 1697 1648 pcccatis
1714 1577 1754 1634 sic
1778 1587 1871 1638 natura

1080 1677 1133 1720 non
1152 1673 1269 1720 mutetur
1295 1665 1420 1732 bumana,
1446 1667 1668 1739 quemadmodum
1685 1669 1730 1724 illa
1757 1669 1870 1726 duorum

1080 1755 1226 1826 primorum
1246 1756 1381 1812 bominum
1408 1758 1625 1828 prevaricatione
1647 1768 1747 1815 nnuma
1765 1770 1826 1826 est;
1841 1769 1872 1818 ut

1081 1853 1160 1901 mutae
1171 1846 1343 1917 corruptioni,
1357 1856 1481 1918 quantam
1499 1848 1620 1906 videmus
1633 1857 1713 1920 atque
1725 1851 1866 1919 sentimus,

1080 1947 1108 1993 et
1116 1953 1163 2008 per
1176 1936 1400 2009 bancsubjacerct
1413 1941 1492 1995 morti
1504 1941 1527 2008 ¹,
1542 1955 1573 1995 ac
1582 1949 1622 1997 tot
1633 1951 1659 1996 et
1672 1943 1867 2014 tantistamque

1081 2029 1150 2085 inter
1162 2043 1192 2084 se
1200 2030 1340 2086 contrariis
1366 2030 1565 2101 perturbaretur
1577 2040 1604 2088 et
1617 2030 1758 2090 fluctuaret
1770 2033 1870 2090 afl'eeti-

1080 2118 1140 2185 bus,
1153 2119 1238 2190 qualis
1252 2120 1278 2176 in
1292 2121 1414 2192 paradiso
1424 2131 1485 2177 ante
1498 2132 1645 2191 peecatum,
1660 2123 1722 2179 licet
1733 2123 1760 2179 in
1772 2139 1869 2195 corpo·

1081 2224 1112 2267 re
1123 2219 1194 2267 esset
1201 2211 1319 2279 animali,
1328 2212 1417 2282 utiquc
1430 2212 1560 2271 nonfuit:
1574 2213 1596 2269 si
1609 2214 1726 2285 quisiroc
1737 2225 1868 2285 moretur,

1081 2309 1112 2356 ut
1124 2300 1190 2368 dixi,
1201 2315 1254 2357 non
1269 2301 1330 2357 ideo
1357 2301 1437 2358 debet
1454 2304 1607 2359 existimare
1626 2304 1686 2360 leve
1704 2320 1736 2361 ac
1756 2320 1867 2376 parturn

1082 2393 1146 2451 illud
1156 2394 1497 2465 fuissecommissum,quia
1512 2396 1539 2452 in
1554 2411 1615 2453 esca
1635 2396 1796 2465 factumest,
1816 2413 1870 2454 non

1081 2484 1189 2556 quidem
1203 2485 1339 2552 mala,nec
1360 2487 1449 2551 noxia,
1463 2486 1513 2542 uisi
1533 2488 1594 2559 quia
1614 2487 1756 2558 prolvibita.
1780 2488 1870 2561 Ncqtte

1082 2577 1152 2632 cuitu
1165 2577 1306 2649 quidquam
1320 2577 1382 2633 mali
1399 2577 1470 2635 licus
1480 2579 1507 2635 in
1522 2580 1567 2635 illo
1588 2588 1668 2635 tantm
1682 2579 1817 2637 felicitatis
1829 2581 1869 2635 lo·

1082 2680 1115 2721 co
1129 2674 1231 2721 crearet
1241 2675 1321 2738 atquc
1334 2667 1473 2737 plantaret.
1495 2668 1548 2725 Sed
1568 2669 1719 2726 obedientia
1731 2685 1868 2726 comulen-

1082 2755 1143 2812 data
1156 2765 1198 2812 est
1210 2757 1236 2812 iu
1250 2766 1392 2828 praecepto,
1408 2774 1466 2830 quac
1480 2760 1564 2815 virtus
1574 2759 1600 2814 in
1618 2770 1740 2816 creatura
1752 2762 1869 2818 rationa-

1082 2845 1101 2901 li
1110 2854 1195 2902 mater
1202 2847 1394 2917 quodammodo
1402 2858 1443 2905 est
1451 2849 1567 2905 omnium
1575 2865 1718 2922 custosque
1725 2852 1870 2909 virtutum:

1083 2940 1294 3011 quandoquidem
1309 2941 1421 2998 italacta
1431 2951 1482 3009 est,
1496 2953 1525 2998 ut
1552 2943 1577 2999 ei
1600 2943 1733 3000 subditam
1755 2960 1816 3001 esse
1836 2948 1871 3002 sit

1082 3030 1149 3086 utile
1165 3048 1173 3097 ;
1186 3031 1364 3101 perniciosum
1377 3041 1465 3087 autem
1477 3047 1562 3099 suam,
1578 3034 1695 3105 noneJ'us
1708 3050 1785 3107 aquo
1794 3051 1868 3092 crea·

1083 3129 1173 3188 tacet,
1187 3120 1275 3177 facere
1288 3122 1459 3179 voluntatem.
1473 3123 1530 3179 lloc
1542 3125 1671 3194 itaqocde
1686 3142 1739 3181 uno
1751 3126 1804 3182 cibi
1823 3142 1870 3198 ge·

1083 3227 1148 3269 nere
1161 3227 1214 3269 non
1227 3212 1342 3281 edendo,
1353 3215 1397 3270 ubi
1407 3214 1518 3270 aliorum
1531 3222 1604 3270 tanta
1615 3216 1691 3287 copia
1705 3217 1870 3288 subjacebat,

1083 3314 1137 3362 ιιιιι
1149 3307 1380 3380 letepraeccptum
1398 3307 1432 3364 ad
1444 3307 1648 3378 observandum,
1673 3316 1728 3365 mm
1747 3309 1829 3367 breve
1837 3314 1871 3367 ad

1082 3400 1211 3456 memoria
1224 3400 1403 3470 retinendum,
1417 3401 1461 3458 ubi
1471 3402 1619 3473 presertim
1644 3403 1761 3459 nondum
1776 3405 1870 3461 volun·

1083 3491 1130 3546 tati
1143 3491 1272 3562 cupiditas
1286 3492 1444 3561 resistebat,
1460 3492 1530 3563 quod
1545 3493 1579 3549 de
1588 3508 1668 3564 poeua
1683 3497 1872 3566 transgressio·

1083 3580 1126 3636 nis
1139 3588 1229 3650 postea
1248 3581 1418 3639 subsecutum
1447 3592 1498 3650 est,
1523 3591 1597 3641 taum
1624 3584 1725 3657 majore
1741 3584 1871 3658 injustitia

1084 3670 1211 3727 violatum
1242 3679 1301 3742 cst,
1324 3681 1424 3744 quanto
1448 3671 1566 3732 faciliore
1593 3684 1683 3747 posset
1700 3675 1870 3734 observantia

1083 3763 1221 3819 custodiri.

1084 3874 1195 3933 CAPUT
1213 3874 1284 3932 xltt.
1293 3906 1330 3919 -
1344 3877 1418 3945 Quod
1429 3878 1456 3934 ln
1469 3879 1674 3949 proeooricnu‘ene
1685 3880 1748 3937 Ado
1760 3881 1796 3937 etl
1808 3898 1871 3954 open
1900 3933 1902 3936 .

1263 3970 1356 4026 nmium
1365 3972 1478 4026 volentos
1488 3971 1614 4043 prteceasb
1624 3975 1701 4029 avolo.

1123 4062 1150 4118 l.
1165 4062 1309 4119 inocculto
1332 4069 1421 4118 autem
1443 4063 1506 4118 mali
1533 4077 1593 4119 esse
1616 4072 1765 4134 coeperunt,
1788 4074 1819 4121 ut
1843 4080 1872 4122 vn

1086 4166 1205 4226 apertam
1216 4155 1424 4212 inobedientiam
1434 4156 1596 4213 laberentur.
1606 4157 1663 4213 Non
1676 4159 1747 4214 enirn
1762 4159 1795 4214 ad
1815 4174 1872 4215 ma·

1086 4244 1141 4302 lum
1155 4259 1222 4316 opus
1233 4247 1426 4316 perveniretur,
1440 4247 1490 4302 nisi
1503 4248 1683 4318 praecessisset
1701 4249 1771 4305 mala
1780 4250 1873 4306 volun-

1085 4345 1136 4393 tas.
1151 4336 1234 4393 Porro
1243 4336 1322 4394 maie
1337 4338 1480 4394 voluntatis
1492 4340 1596 4395 initium
1608 4341 1703 4410 qu0d⁸
1719 4343 1804 4412 potuit
1813 4358 1873 4399 esse

1085 4428 1137 4486 nisi
1160 4427 1423 4499 superbiaifnitinnt
1443 4432 1514 4487 enuu
1538 4433 1619 4487 omnis
1640 4435 1735 4504 peccati
1756 4436 1873 4506 inperito

1085 4523 1140 4592 est(
1156 4517 1238 4575 liceli-
1260 4536 1289 4589 x,
1310 4521 1378 4593 llil.
1392 4521 1461 4591 Quid
1489 4530 1531 4578 est
1550 4532 1640 4579 autem
1666 4525 1800 4596 snperbia,
1822 4528 1872 4583 nist

1085 4626 1216 4684 perverse
1226 4612 1390 4670 celsitudinis
1408 4615 1542 4686 appetitus
1553 4615 1566 4670 f
1579 4615 1708 4673 Perverse
1729 4621 1801 4674 enim
1816 4619 1872 4675 cel·

1086 4705 1176 4760 situdo
1199 4714 1250 4772 cst,
1272 4704 1379 4762 deserto
1396 4720 1429 4762 eo
1442 4708 1486 4762 cui
1509 4706 1587 4763 debet
1612 4708 1717 4766 animus
1742 4710 1873 4770 inlraercra

1086 4795 1229 4867 principio,
1244 4797 1498 4869 sibiquodammodo
1519 4799 1576 4855 ficri
1597 4807 1677 4871 atque
1700 4817 1762 4858 esse
1776 4804 1872 4873 princi·

1085 4889 1169 4957 pium.
1185 4888 1242 4944 lloc
1264 4887 1373 4956 fit,cum
1392 4889 1441 4944 sibi
1461 4890 1540 4945 nimis
1562 4890 1659 4962 placet.
1673 4890 1729 4948 Sibi
1747 4908 1812 4950 vero
1837 4895 1872 4951 ita

1086 4978 1181 5048 placet,
1196 4978 1298 5035 cumab
1316 4978 1363 5034 illo
1375 4979 1446 5036 bono
1466 4979 1624 5038 immutabili
1644 4982 1744 5046 deficit,
1765 4984 1873 5055 quodei

1085 5068 1169 5138 magis
1182 5068 1288 5139 placere
1311 5068 1490 5140 debuitquam
1504 5073 1560 5142 ipse
1574 5073 1634 5128 sibi.
1648 5074 1819 5144 Spoutvneus
1833 5085 1871 5131 eu

1084 5169 1174 5214 autem
1196 5159 1249 5216 istc
1263 5158 1400 5215 defccttts:
1414 5161 1538 5230 quonism
1553 5164 1578 5219 si
1590 5165 1712 5220 voluntas
1734 5166 1761 5220 iu
1782 5181 1872 5222 autore

1084 5250 1229 5320 superioris
1243 5250 1499 5321 immutabilisboui,
1522 5269 1538 5309 a
1564 5271 1618 5327 quo
1643 5257 1829 5315 illustrabatur
1843 5271 1872 5314 ιιι

1084 5340 1195 5409 videret,
1208 5350 1236 5399 ct
1248 5341 1442 5399 accendebatur
1454 5352 1485 5400 ut
1498 5355 1610 5415 amaret,
1623 5348 1871 5421 stabilispermauo-

1083 5453 1237 5568 ”mm
1247 5455 1317 5519 luxta
1325 5468 1432 5521 Wum
1444 5464 1509 5512 lxx.
1517 5467 1546 5512 et
1558 5461 1625 5523 editi,
1634 5462 1803 5526 qumrtdetlt'sll
1813 5464 1872 5518 ntilu

1117 5579 1128 5674 Ξ
1143 5584 1243 5629 amer.
1256 5585 1283 5630 et
1293 5585 1357 5639 lor..
1368 5587 1392 5631 et
1403 5580 1482 5654 avorti⁸
1495 5583 1576 5646 abest,
1585 5592 1616 5651 et,
1629 5597 1831 5653 amanusenptm.

1143 5639 1242 5692 codices
1251 5639 1312 5692 wib
1322 5648 1350 5694 et
1359 5641 1429 5706 eost,
1440 5646 1508 5711 qnod.
1521 5654 1549 5697 ιι.

1116 5723 1154 5789 (⁰)
1168 5730 1271 5791 5¹¹Pf¹¹⁶r
1281 5736 1340 5791 09¹⁰
1349 5733 1393 5781 W·
