3900 6390
224 283 277 341 aar
738 279 781 334 os
799 274 958 333 nutrita
977 273 1044 343 ont,
1063 272 1091 329 s.
1111 269 1294 333 aoonsrtut
1795 278 1853 340 ῃ,

225 404 270 449 tnr
289 393 417 450 industria
432 410 439 448 :
454 407 488 448 au
509 406 587 458 reru,
603 388 670 445 sieut
689 387 722 445 de
741 388 787 443 illo
804 386 911 457 (putidam
931 385 1012 442 bene·
1068 384 1146 439 ticam
1159 376 1431 453 disciplinam,'quam
1447 383 1524 456 longe
1545 385 1651 458 lateque
1668 387 1754 456 potuit
1774 405 1854 458 pere·

225 484 357 540 solentius
378 483 545 554 suspicantur
555 482 575 548 ¹,
600 480 706 541 nolebat
727 476 878 533 immundos
900 475 1013 531 terrenis
1064 472 1184 542 grinattts
1203 480 1259 537 est,
1278 487 1488 543 quaquaversum
1507 490 1570 530 eum
1587 476 1699 548 alicuius
1716 478 1856 537 nobilitate

225 577 411 648 cupiditatibus
428 550 531 631 animos
547 588 577 631 se
590 548 734 629 extendere
748 569 775 625 in
789 568 878 624 diviua
891 567 981 624 conari
991 568 1012 619 ¹.
1065 561 1183 618 scientie
1190 561 1366 632 percipiendis
1378 562 1446 618 lama
1458 565 1686 638 rapiebatltanue
1697 577 1725 626 et
1735 569 1857 645 iudigp

225 665 444 736 Quandoquidem
463 664 497 720 ab
514 663 665 720 dacenses
678 675 766 716 rerum
780 657 887 715 ridebat
899 656 1012 728 inquiri,
1066 659 1112 722 pto
1123 652 1215 709 didicit
1225 668 1399 725 quecumque
1416 656 1471 712 illic
1487 672 1583 728 magna
1597 657 1764 718 habebantur
1775 671 1858 734 atqua

224 773 291 830 quas
303 757 400 826 primas
408 765 488 826 atque
499 767 617 811 summas
626 751 730 808 nonnisi
743 749 770 806 iu
782 750 861 806 nnius
873 764 904 805 ac
915 747 1011 804 summi
1065 741 1247 812 docebantur,
1261 753 1289 801 et
1302 745 1364 801 inde
1377 746 1403 800 in
1417 761 1464 803 eas
1482 747 1563 804 ltalia
1581 758 1671 820 partes
1684 752 1797 813 realem
1809 754 1856 811 ubl

224 847 271 905 Μ
283 847 293 878 ι
306 846 438 901 ,omme
451 859 511 902 essa
523 843 671 900 credebat:
687 841 759 898 unde
772 855 825 897 non
840 853 886 896 eas
904 839 1016 910 putabat
1060 833 1298 907 ⁹Pythagoricorum
1316 836 1385 904 lama
1400 836 1601 907 celebrabatur,
1617 840 1744 912 quidquid
1757 842 1857 902 ltaliae

225 936 274 992 „131
289 934 415 991 mundata
430 945 519 991 mente
531 947 610 1005 posse
621 928 829 1003 comprehendi;
842 939 870 986 et
883 928 942 985 ideo
953 942 1015 998 pur·
1058 923 1241 998 philosophiae
1259 934 1322 982 tuuc
1340 926 1468 994 florebat,
1481 929 1579 986 auditis
1595 931 1816 991 eminentioribus
1829 936 1856 991 in

224 1024 319 1097 gandae
340 1024 418 1080 honis
438 1023 558 1080 moribus
578 1022 640 1078 ritae
658 1021 784 1076 censebat
801 1018 971 1085 instandum,
987 1026 1016 1073 ut
1066 1029 1098 1071 ea
1110 1015 1263 1072 doctoribus
1276 1016 1401 1075 facillime
1413 1022 1625 1093 comprehcndit.
1640 1024 1674 1080 lli
1687 1025 1750 1096 quia
1769 1030 1856 1099 magl-

223 1115 437 1187 deprimentibus
449 1113 600 1170 libidinibus
614 1119 772 1168 exoneratus
785 1110 890 1166 animus
902 1108 1016 1164 naturali
1066 1115 1150 1162 strum
1160 1106 1297 1165 Socratem
1309 1110 1476 1182 singulariter
1485 1112 1621 1185 diligebat,
1632 1130 1692 1172 eum
1703 1117 1857 1189 toquentem

223 1205 315 1277 rigore
329 1205 356 1261 in
369 1213 468 1261 aetertm
480 1218 510 1260 se
524 1203 667 1269 attolleret,
678 1212 853 1272 naturamque
864 1199 1016 1269 incorporei
1067 1195 1123 1253 lere
1136 1198 1162 1253 iu
1176 1200 1300 1257 omnibus
1316 1203 1484 1259 sermonibus
1504 1205 1560 1261 suis
1577 1204 1695 1277 iaciens,
1710 1210 1793 1266 etiaut
1811 1212 1857 1267 illa

224 1306 253 1352 et
267 1295 490 1352 incommutabilis
504 1295 627 1360 luminis,
642 1293 686 1349 nbi
699 1306 785 1349 causae
797 1291 918 1347 omnium
933 1289 1016 1346 lacta·
1066 1307 1126 1362 quse
1142 1292 1183 1348 rel
1204 1292 1238 1349 ab
1254 1293 1314 1350 aliis
1331 1294 1476 1362 didicerat,
1492 1298 1533 1354 uel
1552 1299 1609 1370 ipsc
1621 1311 1718 1372 quanta
1732 1310 1858 1374 potuerat

224 1401 285 1443 runt
305 1395 459 1442 naturarum
474 1385 603 1442 stabiliter
617 1384 725 1450 vivunt,
742 1380 923 1454 intelligentiae
942 1381 1016 1452 pori·
1068 1381 1240 1454 intelligentia
1253 1384 1374 1454 viderat,
1389 1402 1450 1443 cnm
1470 1388 1541 1445 illins
1559 1389 1651 1461 lepore
1666 1402 1693 1449 et
1712 1395 1857 1452 moralibus

227 1485 283 1534 tate
296 1482 463 1548 conspiceret
476 1475 526 1550 (a).
542 1477 651 1532 Constm
662 1489 722 1531 eum
735 1483 822 1530 tamen
835 1473 1015 1545 imperitorum
1067 1470 1289 1543 disputationibus
1307 1479 1472 1547 temperavit.
1494 1479 1584 1551 ltaque
1599 1497 1660 1538 com
1678 1484 1797 1541 studium
1811 1502 1856 1542 aa·

226 1568 365 1627 stultitiam
380 1569 448 1625 seire
465 1584 495 1626 se
511 1567 610 1641 aliquid
624 1568 804 1641 opinantium,
819 1568 898 1624 otiam
911 1567 938 1622 in
953 1567 1017 1636 ipsis
1067 1562 1174 1632 bleniiae
1192 1562 1219 1618 in
1239 1565 1343 1623 ίῡῑῐοῐὶθ
1356 1575 1384 1623 ei
1401 1571 1624 1641 contemplatione
1639 1584 1771 1640 versabit,
1786 1577 1857 1632 unde

226 1659 372 1715 moralibus
381 1657 641 1730 passionibusque
650 1665 734 1713 totum
744 1657 861 1712 animum
872 1655 1017 1711 intendisse
1067 1667 1120 1710 una
1130 1669 1192 1725 pars
1202 1655 1259 1726 ejus
1270 1657 1365 1725 activa,
1379 1660 1462 1716 altera
1475 1663 1678 1736 mntemplatira
1687 1667 1739 1724 dici
1751 1676 1856 1741 potest3

225 1746 375 1815 ridebatur,
386 1748 426 1804 rel
437 1748 558 1805 confessa
571 1747 719 1819 ignorantia
732 1761 791 1813 sua,
802 1746 843 1802 vel
853 1745 1017 1802 dissimulata
1067 1759 1178 1815 quarum
1192 1748 1276 1804 activa
1295 1749 1328 1805 ad
1347 1751 1476 1822 agendam
1492 1753 1589 1821 vitam,
1606 1754 1703 1824 idest,
1718 1757 1752 1815 ad
1767 1775 1858 1818 mores

225 1841 352 1906 scientia,
366 1841 458 1913 lepore
472 1840 585 1897 mirabili
597 1840 745 1897 disserendi
759 1848 786 1895 et
804 1839 957 1895 acutissima
970 1855 1016 1894 ur·
1067 1835 1261 1906 instituendos,
1277 1841 1405 1910 pertinet,
1418 1845 1621 1915 mntemplativa
1635 1859 1723 1905 autem
1739 1849 1776 1906 ad
1793 1866 1859 1908 con·

226 1932 343 1989 banitate
361 1933 475 2004 agitasse
495 1943 574 2004 atque
593 1945 724 1988 versasse.
740 1930 817 1987 llnde
833 1938 861 1986 et
879 1929 1018 1985 concitatis
1067 1925 1218 1995 spiciendas
1227 1937 1328 1985 nature
1338 1945 1433 1988 causas
1443 1943 1471 1989 et
1481 1934 1687 1993 sincerissimam
1698 1941 1856 1998 veritatem:

226 2021 371 2078 inimicitiis
385 2022 547 2078 calumniosa
561 2021 746 2077 criminatione
760 2018 916 2084 damnatus,
932 2027 1018 2074 morte
1068 2014 1193 2074 Socrates
1204 2018 1230 2072 in
1242 2021 1327 2075 aetina
1337 2023 1494 2081 excelluisse
1504 2040 1681 2096 memoratur,
1691 2030 1858 2104 Pythagoras

225 2114 369 2170 mulctatus
388 2122 439 2170 est.
455 2112 507 2170 Sed
520 2127 580 2168 eum
595 2120 686 2182 postea
700 2111 745 2166 illa
760 2110 827 2182 ipsa,
840 2125 900 2180 quae
913 2108 1018 2180 publice
1067 2121 1132 2164 vcro
1143 2109 1227 2180 magis
1238 2112 1460 2184 contemplativae,
1470 2116 1566 2188 quibus
1578 2120 1664 2189 potuit
1674 2120 1858 2194 intelligentiae

225 2204 413 2270 diminuerat,
433 2201 634 2258 Atheniensium
654 2200 747 2257 civitas
764 2198 872 2271 publice
889 2198 972 2267 luxit,
988 2200 1016 2254 in
1068 2200 1185 2269 viribus,
1200 2203 1329 2261 institisse
1343 2202 1391 2278 (o).
1408 2207 1522 2267 Proinde
1541 2211 1615 2269 Plato
1634 2223 1776 2286 utrumque
1792 2216 1857 2287 jun-

224 2294 292 2351 dnos
303 2301 472 2351 accusatores
482 2293 540 2363 ejus
552 2291 589 2363 (l)
602 2306 687 2363 osque
698 2289 765 2347 adeo
783 2289 875 2362 populi
896 2287 1017 2359 indigna·
1067 2295 1154 2366 gendo
1168 2296 1360 2369 philosophiam
1372 2301 1515 2372 perieeisse
1528 2304 1749 2379 landrianensem
1763 2309 1790 2365 in
1804 2317 1858 2367 trea

226 2386 300 2441 tionc
312 2398 458 2451 eonrersa,
474 2393 504 2438 nt
516 2397 583 2438 unus
595 2396 686 2437 eornm
701 2393 846 2454 oppressos
859 2379 883 2435 ri
897 2379 1018 2435 multitu·
1068 2394 1156 2456 partes
1176 2386 1309 2447 distribuit
1325 2409 1332 2446 :
1347 2406 1427 2447 unam
1445 2395 1594 2464 moralem,
1614 2413 1674 2468 quse
1693 2399 1811 2458 mraxime
1831 2403 1858 2458 iu

226 2475 296 2532 dinis
309 2474 446 2543 interiret,
460 2474 555 2530 exsilio
567 2483 655 2528 autem
668 2470 816 2527 voluntario
827 2479 907 2542 atque
924 2485 1018 2541 perpe-
1067 2479 1172 2536 achone
1183 2488 1321 2551 uersatur,
1334 2485 1446 2543 alteram
1458 2490 1616 2557 naturalem,
1627 2507 1688 2563 qua
1696 2497 1858 2567 contempla·

225 2576 272 2623 tnc
294 2581 399 2638 pmuam
420 2565 535 2621 similem
559 2564 627 2619 alter
649 2561 785 2619 eraderet.
803 2561 870 2618 'lam
890 2561 1017 2634 preclara
1068 2570 1133 2626 unni
1153 2570 1277 2642 deputata
1295 2585 1353 2642 est;
1373 2578 1478 2636 tertiam
1499 2581 1672 2651 rationalem,
1691 2599 1744 2657 utta
1764 2601 1858 2644 rerum

228 2658 307 2730 igitur
321 2661 382 2712 ritae
396 2657 541 2727 mortisque
554 2655 622 2711 lama
635 2655 759 2711 Socrates
772 2653 876 2724 reliquit
890 2653 1017 2724 plurimos
1057 2657 1290 2726 ,disterminatura
1302 2665 1370 2724 ialsc
1382 2686 1389 2724 :
1400 2684 1459 2740 quae
1470 2670 1533 2729 licet
1543 2673 1658 2745 utrique,
1669 2674 1696 2731 id
1707 2684 1750 2733 cst
1759 2677 1859 2736 actioni

227 2764 282 2805 sum
292 2748 467 2820 philosophiae
478 2756 634 2812 sectatores,
644 2762 756 2817 quorum
768 2745 888 2802 certatim
899 2744 1016 2802 studium
1067 2759 1096 2807 et
1107 2755 1333 2826 contemplationi,
1344 2758 1379 2815 sit
1391 2763 1551 2828 necessaria,
1565 2765 1681 2823 maxime
1693 2773 1782 2824 tamen
1795 2783 1860 2825 ooa-

227 2838 277 2895 luit
291 2839 318 2894 in
332 2837 508 2909 quaestionum
531 2837 671 2892 moralimn
687 2836 879 2906 disceptatione
898 2837 1015 2905 versari,
1068 2845 1206 2915 templatio
1224 2851 1434 2922 perspectionem
1453 2853 1503 2910 sibi
1517 2854 1634 2912 vindicat
1647 2857 1777 2916 veritatis.
1795 2857 1859 2917 ideo

227 2928 272 2984 ubi
285 2928 372 3000 agitur
384 2927 418 2984 de
431 2941 534 2982 summo
547 2927 629 2993 bono,
642 2940 694 2996 qno
708 2924 764 2981 steri
775 2924 855 2981 h⁰¹¹1⁰
867 2925 960 2981 bellus
969 2939 1018 2996 lio·
1067 2934 1126 2993 baec
1141 2937 1282 3007 tripartitio
1296 2957 1349 2998 non
1362 2953 1404 3000 est
1416 2947 1548 3002 contraria
1563 2947 1601 3004 illi
1615 2947 1791 3019 distinctioni,
1806 2967 1859 3024 qua

228 3029 280 3077 test
288 3019 310 3074 ⁸·
324 3018 399 3088 0⁰⁰⁶
413 3018 439 3073 5¹¹
460 3016 578 3073 50⁰l2118
598 3015 837 3086 disputationibus,
853 3016 915 3073 (¹⁰¹⁰
929 3017 1018 3072 ⁰¹¹¹¹¹i³
1068 3027 1223 3100 intelligitur
1235 3045 1314 3088 omne
1325 3035 1441 3091 studium
1455 3037 1593 3108 sapientiae
1602 3040 1629 3097 in
1641 3041 1747 3100 actione
1758 3052 1860 3101 eteort·

228 3118 332 3177 moret,
347 3108 455 3174 asserii.
470 3106 600 3174 delibili,
615 3105 739 3178 (limiam
755 3121 808 3163 ¹1⁰⁰
820 3106 958 3164 elidem&
970 3122 1018 3178 ap·
1069 3119 1241 3190 templatione
1257 3125 1413 3184 consistere.
1426 3127 1494 3197 Quid
1507 3139 1596 3188 autem
1610 3134 1638 3188 in
1656 3132 1699 3191 bis
1712 3134 1754 3192 rel
1767 3134 1802 3193 de
1815 3134 1860 3194 bis

228 3201 334 3273 purum
347 3200 418 3270 qnod
430 3200 527 3270 cuique
541 3198 647 3269 placuit,
660 3196 723 3255 inde
737 3208 918 3268 sumpsemnt,
932 3208 960 3254 et
973 3198 1019 3257 ubi
1069 3209 1180 3280 singulis
1200 3214 1320 3284 partibus
1340 3217 1415 3274 Plato
1436 3221 1566 3290 senserit,
1588 3222 1615 3278 id
1636 3232 1694 3294 est,
1714 3224 1760 3282 ubi
1778 3226 1860 3286 linem

228 3291 324 3363 cuique
345 3291 431 3346 risum
453 3299 512 3356 est,
534 3289 728 3346 constituerunt
751 3289 830 3345 llnern
852 3289 924 3345 boui.
946 3289 1019 3345 Finis
1069 3304 1187 3360 omnium
1201 3307 1351 3377 actionum,
1366 3310 1531 3370 ubicausam
1547 3315 1666 3372 omnium
1685 3327 1860 3388 naturamm,

231 3394 321 3441 antem
336 3385 398 3440 boni
410 3383 568 3454 appellatur,
582 3397 635 3452 quo
648 3381 760 3454 tulique
771 3396 832 3438 2⁰⁰¹
851 3382 1017 3452 peruenerit,
1069 3394 1115 3450 nbi
1129 3394 1216 3452 lumen
1231 3399 1348 3455 omnium
1365 3402 1496 3459 rationum
1509 3419 1569 3462 esse
1582 3409 1736 3478 cognoverit
1747 3411 1788 3467 rel
1801 3426 1861 3469 cre·

229 3475 325 3531 beatus
337 3482 389 3530 est.
404 3473 449 3530 Sic
468 3482 557 3529 autem
575 3472 694 3527 diversas
712 3473 782 3528 inter
798 3486 828 3527 se
846 3470 973 3528 Socratici
986 3471 1021 3528 de
1069 3484 1177 3555 diserti,
1191 3488 1347 3548 disserendo
1360 3494 1492 3566 explicare
1504 3506 1532 3553 01
1544 3497 1651 3570 longum
1661 3502 1860 3570 margin-01,

228 3567 283 3622 isto
295 3566 347 3620 line
359 3564 503 3621 sententias
515 3563 682 3632 babuerunt,
698 3569 728 3618 ut
743 3562 824 3635 (quod
836 3563 879 3619 ria
893 3563 1020 3620 credibile
1070 3585 1098 3633 οι
1110 3565 1210 3635 templu
1223 3579 1408 3640 affirmandum
1422 3600 1482 3643 esse
1497 3602 1549 3645 00„
1568 3589 1692 3646 apparot,
1706 3590 1773 3647 cum
1786 3593 1861 3649 enim

230 3653 1019 3727 “titiniusmidisliil‘iluiifflfioele⁸001210lssslq¹¹id³ffl
1071 3667 1190 3738 magistri
1204 3670 1244 3725 sui
1258 3669 1391 3739 Socratis,
1403 3689 1483 3746 quem
1495 3675 1558 3733 lacit
1572 3678 1599 3734 in
1613 3679 1668 3736 sols
1682 3680 1862 3738 voluminibus

229 3761 364 3803 summum
379 3746 477 3801 bonnm
490 3758 551 3800 esso
563 3743 683 3801 dicerent
694 3743 868 3816 ioiupwiemi
881 3745 949 3801 sicui
960 3746 1021 3802 Ari·
1071 3757 1259 3830 disputantem,
1272 3762 1438 3820 notissiutum
1450 3780 1552 3823 morem
1563 3769 1762 3827 dissimulandae
1773 3772 1863 3829 seien-

126 3905 133 3920 .
230 3833 1021 3909 shppusiquidimiiliuiessit⁸5⁰⁰13⁰i58ffi0n08·5102151
1071 3850 1116 3906 tia
1126 3850 1168 3906 rel
1180 3851 1313 3921 opinionis
1323 3868 1379 3910 snae
1391 3870 1499 3914 serrare
1510 3857 1625 3927 allectat,
1639 3861 1700 3931 quia
1712 3869 1740 3918 et
1753 3861 1791 3917 illi
1804 3863 1862 3935 ipse

230 3936 311 4001 alque
321 3928 364 3983 aiii
374 3926 446 3984 iliud
454 3935 534 3998 illiue
545 3924 616 3982 aliud
627 3925 728 3998 θῡῑῦθῐῐ
737 3935 896 3998 sun¹²11¹¹0⁸
904 3942 1021 3985 mmm&
1071 3956 1129 3998 mos
1148 3942 1259 4013 placuit,
1275 3944 1372 4001 lactum
1392 3955 1479 4004 estut
1498 3949 1578 4005 etiam
1597 3950 1681 4022 ipsius
1694 3951 1814 4009 Platonis
1827 3953 1863 4012 da

230 4034 337 4079 morare
349 4017 456 4090 longum
470 4026 512 4075 est
524 4015 586 4090 (⁶)··
1070 4033 1151 4091 rebus
1170 4035 1272 4106 magnis
1290 4038 1429 4095 moeniis
1446 4054 1499 4096 nnn
1519 4041 1595 4099 heile
1612 4043 1726 4116 perspici
1745 4045 1861 4116 possint.

231 4133 344 4192 otior
356 4132 401 4189 ll.
416 4162 454 4174 -
470 4129 510 4188 lle
528 4133 655 4204 mamper
673 4132 738 4188 later
757 4131 871 4189 Sauum
885 4132 1021 4204 simpuio.
1071 4123 1110 4179 Ex
1121 4124 1163 4180 bis
1172 4133 1260 4182 umen
1270 4142 1330 4198 quae
1338 4129 1408 4199 apud
1417 4144 1479 4187 eom
1490 4130 1620 4203 leguntur,
1631 4133 1688 4192 sire
1697 4150 1757 4207 qum
1766 4135 1861 4205 dlxiv,

267 4224 393 4291 pum,
407 4223 451 4295 ,pp
462 4238 559 4278 ,mm
573 4222 763 4294 „primm
776 4223 871 4279 prppria·
888 4223 1022 4280 „aspum
1070 4215 1128 4270 sire
1137 4231 1196 4287 qnae
1206 4217 1240 4273 ab
1251 4218 1311 4274 aliis
1323 4219 1590 4279 dictaessenarravit
1601 4233 1681 4297 atque
1689 4229 1861 4300 conscripsit,

268 4316 394 4373 dim-„gg
1071 4319 1131 4376 qna
1143 4306 1192 4362 sibi
1206 4307 1300 4378 placita
1310 4311 1473 4378 riderentur,
1484 4315 1604 4385 quaedam
1616 4319 1822 4377 commemorari
1834 4329 1863 4378 et

246 4485 248 4488 y
269 4427 323 4486 Sed
338 4427 407 4482 me,
418 4425 561 4497 dpoeipulos
580 4424 714 4495 gomis,
729 4440 781 4482 non
801 4426 907 4498 quidem
928 4427 1022 4486 hume,
1071 4397 1133 4454 boic
1145 4402 1218 4470 operi
1236 4403 1315 4460 inseri
1328 4415 1433 4476 oportet
1445 4421 1461 4461 a
1474 4407 1566 4476 nobis,
1581 4409 1682 4467 relabi
1700 4413 1862 4485 suffragatur

231 4523 301 4587 rito,
317 4518 535 4576 excellentissima
548 4516 631 4589 gloria
644 4517 755 4586 claruit,
767 4516 834 4590 qui·
848 4519 956 4574 omnino
967 4534 1020 4577 cae·
1070 4492 1192 4564 ‘enim
1202 4510 1282 4566 ’Μ’
1295 4513 1374 4568 quim
1386 4499 1451 4557 ⁰⁶⁶⁸
1464 4510 1553 4558 ¹¹⁰⁸li³
1566 4504 1676 4575 ⁸¹'Milli‘
1686 4519 1718 4561 ³⁰
1730 4504 1861 4576 defendit,

232 4624 305 4671 teres
317 4611 487 4674 obscuraret,
501 4607 588 4664 Plato.
603 4608 728 4676 Quicum
742 4616 814 4665 esset
830 4609 1019 4679 Atheniensis,
1071 4585 1114 4641 tel
1126 4586 1170 4643 ubi
1182 4604 1207 4643 et
1220 4589 1325 4646 ridetur
1340 4607 1401 4649 esse
1416 4597 1579 4663 contrarius,
1592 4607 1719 4669 quantum
1734 4599 1768 4656 ad
1783 4601 1861 4657 istam

234 4708 347 4762 honmto
358 4701 427 4773 apud
441 4714 504 4757 snos
515 4698 574 4756 loro
586 4707 674 4766 uatus,
686 4708 714 4756 et
723 4699 829 4771 iugenio
839 4700 952 4757 mirabili
964 4701 1022 4756 lon·
1064 4678 1106 4785 '‘¹'‘
1120 4695 1173 4736 ⁰¹¹⁰
1185 4680 1242 4738 ⁰⁰⁰
1253 4691 1280 4739 0¹
1291 4684 1411 4754 Plurimi
1424 4686 1540 4757 pertinet
1552 4689 1737 4761 l⁰oe⁸¹i0¹¹0mi
1752 4702 1862 4765 limile?

233 4810 267 4869 ge
279 4808 342 4851 suns
354 4790 551 4862 condiscipulos
564 4790 695 4857 anteiret;
711 4804 804 4861 parom
819 4798 907 4846 umen
925 4798 1021 4860 pann,
1070 4781 1162 4840 vtum,
1171 4785 1417 4845 uuepcstmortem
1429 4777 1515 4835 lutura
1525 4789 1576 4849 est,
1586 4783 1718 4839 veraciter
1728 4784 1861 4843 beatam·-

233 4883 401 4959 pgpflgigpdae
414 4879 588 4954 philosopiiloe
604 4879 728 4938 sumcere
741 4894 771 4937 sp
783 4882 869 4953 ipsum
881 4896 913 4937 fle
927 4880 1021 4939 Spem.
1072 4866 1202 4924 Folidsaiss
1213 4869 1284 4926 ellim
1294 4872 1338 4941 (llll
1353 4871 1490 4928 phitonem
1502 4873 1606 4930 calletis
1619 4874 1785 4949 philosophis
1796 4894 1862 4950 gell·

266 4995 276 5028 ,
292 5000 334 5044 Β,
350 4991 406 5054 illd,
418 4989 563 5054 mm·
595 4997 625 5041 ῃ,
1071 4958 1136 5014 tium
1150 4959 1228 5031 longe
1241 4969 1365 5033 recteque
1379 4964 1516 5033 praelatum
1530 4964 1634 5022 acutius
1647 4977 1727 5039 atquc
1739 4968 1862 5026 veracius

265 5049 665 5126 annusetatterus.,eteoncri.
870 5110 876 5123 ,
1071 5050 1233 5108 intellexisse
1246 5061 1324 5125 atque
1336 5055 1574 5112 secutiesseiama
1588 5057 1734 5116 celebriore
1747 5059 1860 5116 laudan-

266 5115 361 5188 {editt
373 5111 503 5166 mm*
519 5125 549 5165 “⁶
565 5125 653 5166 ‘m‘
671 5110 885 5173 mmm
901 5123 915 5162 ²
933 5124 1018 5163 'mnu'
1071 5151 1125 5210 tor,
1138 5144 1238 5216 aliquid
1251 5146 1303 5202 tale
1314 5146 1349 5204 de
1362 5147 1417 5204 beo
1428 5149 1556 5214 sentiunt,
1568 5156 1597 5207 nt
1611 5151 1637 5206 in
1651 5151 1697 5208 illo
1711 5152 1862 5210 inveniatur

232 5183 337 5286 ηυξ
346 5241 372 5286 et
381 5234 506 5293 tor.,sine
515 5247 563 5308 otto
576 5231 798 5347 ficrimltotuoheotan
810 5245 857 5285 nott
866 5239 949 5300 poten.
961 5234 1020 5286 tditl
1071 5244 1099 5293 et
1108 5249 1188 5292 cansa
1201 5235 1372 5304 subsistendi,
1387 5246 1415 5294 et
1428 5238 1497 5295 ratio
1511 5239 1684 5313 intelligendi,
1698 5251 1726 5299 et
1738 5243 1807 5299 ordo
1818 5236 1861 5299 vi'·

226 5296 740 5479 'ul’fi‘ffiffifffflwss‘fflss
749 5308 805 5407 'iffi'
816 5365 842 5409 et
861 5356 932 5418 abac,
950 5369 1020 5421 pue,

234 5415 558 5552 ”ffffpffipwn‘emfffi
566 5477 694 5552 abedoue.
1101 5474 1164 5522 ¹sic
1174 5479 1274 5524 veteres
1282 5471 1383 5525 homar
1394 5477 1513 5549 impressi,
1522 5476 1863 5564 pumuumudictontdeutte

265 5480 303 5604 (ὑὶ
314 5539 420 5592 ttebtuu
431 5545 458 5589 et
475 5545 575 5602 sumum
588 5537 711 5602 tutatligtt,
728 5551 830 5604 quorum
847 5538 890 5591 lile
904 5538 1020 5591 multatus
1066 5540 1122 5586 abac
1131 5540 1156 5584 ei
1165 5531 1274 5597 amnica
1285 5534 1387 5596 petest
1407 5545 1568 5610 qucstmuem.
1580 5553 1651 5602 quem
1663 5549 1754 5604 proptor
1775 5547 1859 5597 mictu,

235 5611 335 5662 morte,
356 5610 390 5651 ttn
451 5611 511 5650 rere
532 5599 647 5650 exsulare
664 5608 762 5652 mas
776 5610 824 5654 est.
842 5601 907 5654 clato
917 5604 942 5653 ln
961 5610 1021 5666 apc-
1069 5608 1126 5660 Μ
1135 5601 1187 5660 post
1202 5596 1395 5672 nwttcnstttttru
1404 5605 1448 5655 est,
1464 5608 1581 5650 rerurtter
1600 5601 1708 5653 hemma.
1731 5600 1858 5652 columma

234 5661 299 5786 high
430 5660 696 5734 ettaertlusotrate.
1071 5655 1628 5775 memberelgzcnbmoetitdiaeipiiau.
1640 5660 1766 5727 turmatim
1781 5669 1847 5733 cte„

280 5723 527 5789 eltldetscermcm,
537 5718 761 5774 llbddertolbtu.
1102 5718 1293 5784 (elooni.bb.t
1346 5722 1610 5788 consummas

1103 5411 1113 5445 ¹
1128 5411 1508 5478 tunnnssarerbuainepuoe
1519 5415 1591 5468 unit.
1612 5423 1640 5466 tt.
