3900 6390
688 247 734 304 bt:
752 245 913 305 attritus
934 244 999 313 but,
1020 246 1051 303 S.
1068 242 1252 304 stidbsmltt
1742 254 1792 312 stt,

154 368 263 435 claros,
276 368 366 440 gluten
390 366 528 425 bituminis
549 382 604 422 aaa
630 373 719 437 putcst
740 364 896 431 adbaererc,
921 371 950 419 ut
1003 344 1249 431 fuisscsudecerit,
1266 366 1391 436 equinum
1406 360 1532 425 videlicet
1553 377 1636 440 atque
1659 370 1792 428 asininum

155 460 301 517 fabricetur
316 461 325 492 ¹
339 474 420 524 arca,
435 473 488 515 non
509 457 609 524 curris,
624 455 672 513 sed
687 456 770 511 rectis
781 454 858 511 lineis
871 455 950 526 lunge
1001 469 1087 526 genus
1101 471 1110 509 ι
1125 463 1153 511 et
1165 455 1246 527 siqua
1260 457 1311 511 alia
1325 465 1401 523 sunt,
1414 472 1473 529 quar
1488 459 1682 517 commixtione
1695 461 1794 519 dirusf

155 548 263 622 iateque
273 559 411 622 porrecta,
423 564 504 621 quam
517 548 605 604 nullus
624 547 651 604 in
670 561 744 602 mare
764 547 853 602 mittat
866 560 949 601 eona·
1002 546 1110 618 generis
1120 562 1204 618 genus
1217 545 1325 618 aliquod
1335 550 1457 621 gignunt.
1468 548 1520 607 Sed
1535 551 1557 605 si
1572 560 1601 606 et
1614 551 1666 609 boc
1684 551 1719 608 sul
1739 524 1796 628 ιιιζι1

162 627 373 708 tnsbominum,
388 639 436 696 sed
450 639 618 707 leretunda,
633 653 693 694 curn
708 637 820 705 venerit,
835 637 950 692 naturali
1002 637 1116 694 sterium
1139 637 1307 708 pertinebat,
1323 638 1359 694 ibi
1381 649 1469 697 erant.
1493 639 1579 698 liabet
1596 642 1670 698 enim
1693 652 1722 699 et
1744 643 1793 701 lroc

160 728 255 786 ordine
286 729 449 800 ponderum,
473 728 611 801 magisque
639 727 727 783 divina
765 726 949 797 providentia,

160 837 241 893 quam
262 822 376 878 lrrrmana
391 821 530 893 prudentia
546 829 681 877 rratantem
701 820 847 892 gubernet,
862 834 897 875 ne
910 819 951 874 in·

160 923 254 972 currat
268 915 428 988 ubicumque
441 913 617 986 naufragium.

195 1008 223 1063 l.
242 1006 318 1075 Quod
342 1017 432 1062 autem
458 1004 690 1076 scrupulosissime
713 1003 797 1075 queri
823 1004 892 1060 solct
916 1003 952 1059 de

161 1098 347 1154 minutissimis
359 1075 497 1165 bestiolis,
512 1114 563 1153 non
579 1096 665 1157 solum
678 1096 770 1167 quales
787 1104 850 1150 sunit
862 1109 951 1150 nrures

159 1198 187 1247 ct
200 1189 356 1256 stelliones,
371 1190 557 1246 verumetiam
570 1188 664 1259 quales
678 1188 797 1254 locuste,
813 1186 950 1255 scarabei,

161 1296 263 1338 mosem
282 1281 398 1353 denique
412 1292 439 1338 et
451 1282 567 1352 pulices,
581 1291 671 1336 utrum
683 1295 737 1336 non
750 1278 888 1349 amplioris
900 1294 951 1334 nu·

161 1374 229 1430 meri
243 1373 269 1428 in
283 1389 345 1429 arca
359 1374 403 1429 illa
417 1371 526 1441 fuerint,
541 1389 620 1444 qnam
632 1373 678 1444 qui
692 1382 734 1428 est
745 1371 879 1440 definitus,
890 1386 953 1429 cum

82 1453 84 1456 ⁴
162 1463 216 1520 buc
227 1462 372 1535 imperaret
382 1465 451 1520 fieus
467 1482 474 1519 :
489 1465 561 1535 prius
573 1463 733 1521 admonendi
744 1474 883 1535 suntquos
895 1463 953 1520 bec

163 1563 290 1621 movent,
304 1555 344 1612 sic
355 1556 536 1626 accipiendum
550 1555 694 1627 essequod
708 1556 809 1612 dictum
822 1565 878 1620 cst,
891 1557 954 1623 Qum

164 1657 256 1717 repunt
269 1664 344 1719 super
358 1658 450 1702 terram
460 1663 471 1712 ,·
481 1658 509 1704 ut
524 1662 634 1704 neccsse
646 1663 699 1703 raon
714 1646 954 1703 lueritconsernari

166 1738 194 1794 in
213 1754 290 1805 arca,
303 1755 363 1810 qum
384 1748 495 1809 possunt
515 1755 541 1794 m
565 1739 643 1809 aquis
665 1739 772 1804 rivere,
787 1753 840 1794 nou
864 1739 954 1794 solum

166 1847 276 1898 rrrersa,
297 1832 366 1889 sicut
391 1832 494 1903 pisces;
515 1848 606 1888 rerum
632 1832 712 1888 etiam
736 1831 954 1903 supernatantia,

165 1921 236 1978 sicut
249 1921 340 1978 multe
352 1922 439 1979 alites.
456 1921 556 1978 Deinde
574 1938 634 1977 cuna
656 1921 766 1985 dicitnr,
783 1920 912 1975 llmcular
933 1929 957 1975 et

168 2013 263 2085 fenim
284 2024 379 2069 aaut:
399 2012 519 2085 profecto
544 2014 699 2085 intelligitur
719 2014 753 2069 ad
777 2011 957 2086 reparandum

166 2120 253 2176 genus
268 2105 320 2160 dici
334 2123 341 2159 ε
357 2120 388 2160 ae
403 2120 450 2176 per
470 2105 520 2161 buc
544 2121 594 2162 nec
611 2105 658 2161 illa
676 2119 786 2162 neccsse
811 2105 898 2160 iuerat
921 2103 957 2159 ibi

167 2212 239 2262 esse,
251 2211 311 2268 quae
324 2204 435 2266 possunt
446 2196 504 2252 sine
518 2197 660 2252 eoricubitu
672 2195 707 2251 de
718 2194 866 2266 quibusque
877 2193 958 2250 rebus

167 2289 211 2343 rel
224 2303 313 2345 rerum
325 2290 541 2358 corruptionibus
555 2290 628 2344 nasci
641 2307 648 2344 :
664 2288 707 2344 sel
719 2289 742 2345 si
755 2289 877 2355 fuerunt,
889 2288 959 2343 sicut

170 2383 199 2437 in
212 2381 337 2437 dumibus
350 2397 411 2437 esse
423 2389 636 2445 eorrsneverunt,
652 2380 711 2436 sine
723 2381 779 2435 ullo
790 2393 902 2434 numero
911 2378 960 2433 de·

168 2473 244 2528 duim
257 2487 317 2529 esse
328 2473 447 2543 potuisse
462 2489 470 2526 ι
485 2482 531 2528 aur
545 2473 567 2527 si
580 2472 737 2544 mysterium
749 2469 959 2526 sacratissimum

170 2564 241 2634 quod
253 2563 392 2634 agebatur,
403 2572 430 2619 et
444 2571 524 2618 tantur
537 2562 576 2619 rei
595 2563 676 2634 bgurs
693 2562 773 2618 etiarn
788 2561 815 2616 in
828 2559 960 2616 veritato·

171 2655 234 2710 laeti
245 2655 324 2710 aliter
335 2670 388 2710 non
401 2664 491 2726 posset
500 2654 621 2724 implori,
637 2653 689 2709 nisi
701 2661 729 2708 ut
738 2652 828 2708 omnia
842 2651 877 2707 ibi
887 2659 962 2707 certo

172 2745 220 2802 illc
234 2760 346 2802 numero
358 2752 465 2811 essent,
480 2762 540 2817 quse
551 2746 641 2802 virere
660 2746 687 2800 in
698 2746 774 2815 aquis
787 2754 881 2799 natura
898 2758 962 2814 pro-

172 2836 282 2893 bibente
295 2852 349 2892 non
363 2846 489 2908 possent,
502 2853 554 2893 non
575 2838 623 2893 fnit
638 2839 689 2893 isra
704 2853 766 2894 cura
783 2837 856 2892 illius
874 2836 962 2891 bomi-

172 2927 231 2993 nis,
247 2927 287 2982 rel
302 2927 407 2983 illorum
422 2927 577 2996 bominum,
590 2928 637 2984 sed
655 2927 753 2984 diuina.
770 2927 828 2998 an
846 2927 918 2983 enim
931 2941 963 2982 ea

173 3009 231 3067 iloe
245 3020 323 3081 capta
341 3011 550 3080 intromittebat,
564 3012 611 3068 sed
633 3014 767 3069 venientia
785 3021 813 3070 et
839 3010 964 3066 intrantia

174 3103 410 3174 permittebatur!
435 3105 486 3160 boc
511 3106 583 3161 enirn
607 3106 677 3161 salet
700 3106 770 3177 quod
792 3106 963 3172 dictumest,

175 3190 314 3248 latrabunt
339 3194 373 3248 ud
398 3206 422 3249 te
436 3193 513 3266 (Gerr.
525 3212 565 3262 tt,
581 3196 626 3263 sb,
638 3195 685 3267 ιθ)
700 3214 708 3251 ι
724 3211 778 3253 ιιοιι
796 3195 898 3251 scilicet
916 3193 966 3249 bu·

175 3283 256 3339 mirris
267 3293 339 3350 actu,
357 3286 405 3341 sed
418 3286 465 3342 liei
485 3295 550 3342 nutu
563 3305 569 3342 :
582 3287 617 3342 ita
631 3299 706 3353 sane,
715 3297 743 3343 ιιι
754 3303 806 3343 ιιοιι
818 3288 871 3344 illie
884 3286 965 3344 fnisse

176 3376 311 3433 credenda
338 3377 409 3447 sint,
425 3394 484 3450 quae
509 3394 574 3436 sexu
597 3390 704 3436 carent.
725 3380 910 3452 Proscriptum
924 3388 966 3437 est

175 3466 259 3533 euim,
276 3478 355 3538 atque
367 3467 517 3537 delinitum,
529 3469 658 3525 Masculus
668 3481 691 3525 ct
705 3471 892 3543 [endaeerurrt.
908 3470 966 3527 lilia

178 3566 242 3612 snm
256 3557 354 3629 quippe
366 3574 426 3630 quse
444 3559 478 3614 dc
491 3561 641 3630 quibusque
653 3561 734 3616 rebus
752 3561 811 3617 siue
822 3560 967 3617 concubitu

174 3648 212 3704 ita
235 3658 396 3716 irascuntur,
412 3659 439 3705 nt
459 3661 550 3721 postea
573 3652 749 3708 concumbant
770 3660 797 3709 et
818 3661 966 3723 generent,

176 3739 246 3794 sicut
259 3753 356 3793 muscae
370 3756 379 3794 r
392 3741 443 3796 alia
457 3757 522 3796 rero
538 3741 564 3796 in
584 3743 681 3813 quibus
693 3742 758 3798 nibil
773 3744 809 3798 sit
826 3744 925 3811 maris,
941 3751 969 3800 et

176 3827 299 3893 feminee,
313 3830 382 3885 sicut
393 3847 467 3902 apes.
480 3832 519 3888 Ea
532 3848 614 3903 porro
627 3850 687 3904 qum
700 3835 740 3890 sic
753 3834 853 3890 babent
863 3849 967 3902 sexum,

178 3932 206 3974 ut
221 3935 274 3975 uon
288 3920 404 3978 babeant
422 3921 520 3992 fetum,
536 3925 605 3979 sicut
627 3925 690 3980 muli
712 3933 739 3981 et
758 3926 857 3989 mnlae,
871 3926 968 3981 mirum

176 4009 200 4065 si
221 4011 257 4066 ibi
279 4010 452 4082 fuerunt,ac
471 4030 524 4070 non
550 4015 638 4086 potins
660 4026 786 4085 parentes
813 4031 906 4073 corum
933 4015 970 4072 ibi

175 4178 242 4239 gros,
250 4167 320 4239 iuxta
329 4167 633 4233 isidorumlnouluslibro
643 4170 672 4221 ld
682 4171 747 4234 orig.
760 4182 812 4233 cap.
826 4169 970 4234 ldlegitur:

180 4247 192 4276 a
204 4234 282 4292 sprgrr
294 4228 389 4280 etclnri
401 4239 458 4281 sunt
468 4234 557 4296 (nribus
570 4232 661 4296 lignum
674 4233 739 4296 ligno
751 4233 868 4283 adbmret.
880 4249 892 4278 ι
907 4240 972 4283 Post·

177 4303 208 4340 ea
229 4303 291 4340 aero
308 4290 459 4362 inclossarfo
481 4295 651 4357 corrigendum
670 4300 711 4355 alt,
735 4294 846 4360 epiorum
859 4308 890 4343 cx
911 4307 972 4344 soce

176 4364 268 4415 gracum
285 4364 411 4414 sommus,
422 4366 478 4416 quae
497 4362 550 4415 est,
562 4367 696 4419 corrumpet.
706 4382 738 4393 -
748 4364 881 4419 turquens:
896 4379 908 4403 ι
919 4362 973 4405 sor·

180 4419 270 4463 «tasse
281 4411 427 4486 legendum,
438 4414 550 4479 colurum
566 4430 580 4467 a
596 4431 656 4468 voce
672 4431 767 4482 grece,
780 4418 899 4481 epicuros,
917 4429 973 4483 quae

180 4471 298 4523 «davum
317 4475 426 4537 ligneum
445 4478 599 4538 significas
637 4488 664 4528 ιι.

212 4536 221 4568 ¹
238 4537 274 4586 sic
285 4539 360 4610 nostri
372 4550 466 4610 omnes.
480 4545 505 4588 tn
514 4547 548 4599 ts,
563 4547 588 4590 ιιι
597 4539 769 4604 fabricaretur.
800 4546 829 4590 u.

210 4599 222 4629 ¹
237 4604 289 4658 tls,
301 4605 374 4649 ctrmu
384 4606 499 4663 uentutc;
508 4603 605 4661 omisso,
617 4602 652 4652 r'rr.

1004 740 1088 797 genus
1103 726 1249 783 masculum
1264 737 1292 784 et
1305 727 1443 784 feminam.

1039 821 1067 877 5.
1078 819 1153 877 Solet
1162 820 1243 877 etiam
1256 835 1364 878 morere
1378 821 1539 890 nonnullos,
1560 837 1661 896 genera
1673 837 1792 879 escarum

1004 928 1064 985 quae
1076 912 1131 968 illle
1141 912 1241 969 babere
1253 922 1376 983 poterant
1385 907 1524 981 animalia,
1540 929 1601 984 quae
1615 914 1722 970 nonnisi
1739 930 1794 969 car·

1004 1007 1121 1064 neresci
1136 1012 1382 1076 putantur,utrum
1403 1015 1500 1076 praeter
1521 1021 1662 1063 numerum
1686 1006 1722 1062 ibi
1742 1005 1789 1061 fue

1006 1099 1062 1155 rint
1075 1097 1134 1153 sine
1147 1097 1359 1168 transgressione
1373 1097 1502 1165 mandati,
1513 1112 1573 1167 que
1588 1097 1702 1152 aliorum
1722 1097 1795 1152 alen·

1005 1191 1102 1247 dorum
1128 1189 1278 1246 necessitas
1297 1188 1352 1244 illic
1367 1190 1498 1260 coegisset
1516 1188 1616 1244 includi
1631 1206 1638 1245 :
1653 1204 1689 1243 an
1713 1203 1795 1250 nero,

1006 1281 1076 1354 quod
1090 1281 1179 1354 potius
1190 1290 1232 1337 est
1255 1279 1437 1346 credendum,
1461 1288 1559 1350 praeter
1571 1293 1689 1346 carnes,
1711 1277 1797 1347 aliqua

1005 1374 1130 1428 alimenta
1141 1371 1353 1441 cssepotuerint,
1363 1371 1553 1443 queomnibus
1562 1371 1738 1427 convenirent
1749 1371 1797 1440 (a).

1006 1462 1134 1520 Novimus
1157 1463 1229 1518 enim
1257 1476 1337 1532 qnam
1364 1461 1448 1517 multa
1462 1460 1603 1529 animalia,
1628 1460 1728 1532 quibas
1753 1476 1796 1517 ca·

1007 1573 1039 1613 ro
1053 1556 1129 1614 cibus
1142 1563 1203 1625 est,
1217 1555 1337 1628 frugibus
1362 1556 1501 1626 pomisque
1524 1566 1683 1620 vescantur,
1698 1565 1727 1610 et
1746 1570 1799 1609 ma·

1008 1652 1081 1707 xlmc
1095 1649 1145 1705 fleo
1160 1658 1240 1721 atquc
1251 1649 1394 1705 castaneis.
1409 1647 1479 1716 Quid
1493 1662 1558 1720 ergo
1578 1649 1676 1702 mirum
1692 1688 1701 1713 ,
1718 1645 1740 1702 si
1762 1647 1800 1702 ris

1009 1742 1055 1798 ille
1070 1740 1177 1811 sapiens
1189 1749 1217 1796 et
1226 1739 1326 1811 justus,
1338 1739 1417 1795 etiam
1428 1738 1555 1794 divinitus
1568 1736 1801 1807 admonitus,qnid

1008 1833 1104 1904 cuique
1118 1840 1296 1904 congrueret,
1312 1831 1371 1888 sine
1392 1831 1517 1887 carrribus
1529 1839 1618 1900 aptam
1641 1829 1740 1899 cuiquc
1760 1844 1802 1900 gs·

1010 1927 1068 1981 neri
1092 1925 1245 1981 alimoniam
1258 1923 1417 1995 preparavit
1442 1932 1470 1978 et
1490 1921 1662 1977 recondiditi
1676 1920 1745 1989 Quid
1763 1928 1803 1976 est

1010 2031 1099 2074 autem
1111 2060 1120 2087 ,
1131 2033 1185 2090 quo
1197 2017 1270 2073 uesci
1290 2031 1343 2071 non
1355 2023 1463 2086 cogeret
1482 2013 1582 2069 tamesi
1596 2021 1643 2067 aut
1668 2011 1732 2082 quid
1752 2027 1803 2067 non

1011 2124 1093 2165 snare
1105 2122 1137 2163 ac
1150 2107 1257 2163 salubre
1276 2105 1364 2162 facere
1377 2112 1469 2177 posset
1483 2104 1570 2169 bens,
1587 2103 1632 2174 qni
1652 2102 1752 2168 etiam,
1778 2110 1805 2157 ut

1012 2202 1071 2258 sine
1082 2200 1142 2256 cibo
1155 2200 1286 2267 virerent,
1300 2198 1390 2254 (lirina
1407 2196 1532 2252 facilitate
1545 2195 1553 2227 ι
1567 2194 1701 2260 donaret,
1715 2193 1766 2248 nisi
1777 2201 1806 2247 ut

1013 2292 1273 2364 pascerenturetiam
1285 2291 1336 2346 boc
1347 2288 1489 2361 implendae
1503 2288 1593 2359 figurae
1605 2288 1669 2341 tanti
1684 2287 1805 2359 mysterii

1013 2383 1187 2442 convenirctl
1198 2382 1257 2438 Non
1269 2391 1358 2437 autem
1371 2380 1404 2436 ad
1418 2379 1635 2453 prmfgurandam
1659 2378 1805 2434 Ecclesiam

1013 2477 1149 2548 pertinere
1164 2485 1218 2529 tam
1230 2471 1385 2544 multiplicia
1398 2486 1487 2527 rerum
1502 2471 1576 2540 signa
1590 2477 1739 2540 gestarum,
1753 2468 1805 2522 nisi

1015 2569 1096 2625 fuerit
1114 2566 1316 2631 contentiosus,
1336 2578 1415 2620 nemo
1441 2560 1601 2634 permittitur
1615 2559 1730 2628 opinari.
1749 2557 1806 2613 lam

1016 2662 1088 2719 cuim
1103 2669 1197 2732 gentes
1212 2658 1249 2713 ita
1264 2656 1410 2713 Ecclesiam
1425 2654 1612 2724 repleverunt,
1627 2648 1808 2720 mundiqueet

1017 2750 1166 2817 immundi,
1188 2749 1275 2806 donec
1287 2756 1391 2804 certum
1411 2747 1532 2800 veniatur
1545 2742 1578 2798 ad
1593 2744 1672 2797 ferrern
1682 2785 1690 2808 ,
1702 2742 1737 2797 ita
1752 2741 1809 2812 ejus

1017 2842 1127 2899 unitatis
1140 2841 1254 2913 quadam
1280 2839 1438 2908 compagine
1453 2837 1623 2891 continentur
1638 2842 1687 2899 ,nt
1699 2849 1732 2888 ex
1759 2833 1810 2887 boc

1018 2949 1072 2990 uno
1086 2930 1315 2994 manifestissimo,
1329 2929 1410 2985 etium
1423 2927 1655 2995 discedensque
1671 2924 1810 2980 obscurius

1018 3024 1161 3096 aliquando
1171 3022 1242 3078 dicta
1254 3031 1326 3087 sunt,
1339 3028 1367 3076 et
1378 3017 1511 3074 difficilius
1521 3016 1629 3089 agnosci
1641 3017 1811 3087 queunt,du·

1018 3115 1098 3172 bituri
1113 3115 1153 3170 fus
1168 3113 1276 3169 nonsit.
1290 3113 1355 3180 Qum
1367 3127 1429 3167 eum
1440 3111 1475 3165 ita
1491 3109 1561 3177 siut,
1576 3111 1598 3165 si
1612 3111 1685 3165 nec¹
1698 3109 1812 3164 inaniter

1019 3207 1070 3263 ista
1085 3204 1235 3274 conscripta
1247 3217 1308 3259 esse
1317 3210 1410 3274 putare
1420 3200 1559 3272 quisquam
1572 3199 1614 3254 rel
1634 3200 1719 3254 durus
1732 3199 1812 3254 ande-

1019 3303 1075 3368 bit,
1098 3316 1148 3357 nec
1160 3298 1225 3355 nibil
1243 3296 1395 3369 significare
1411 3310 1471 3350 cum
1490 3301 1563 3363 gesta
1585 3292 1662 3357 sint,
1679 3307 1731 3347 nec
1752 3291 1809 3346 sola

1020 3393 1093 3450 dicta
1105 3406 1165 3449 csse
1179 3388 1364 3462 significativa,
1379 3402 1431 3441 non
1446 3384 1525 3449 facta,
1541 3397 1592 3439 nec
1605 3384 1691 3438 aliena
1705 3397 1766 3438 esse
1780 3381 1813 3437 ab

1021 3481 1164 3542 Ecclesia⁸
1182 3477 1353 3553 significanda
1373 3475 1546 3548 probabiliter
1569 3474 1621 3529 dici
1645 3479 1734 3544 potest
1748 3489 1755 3527 ι
1767 3472 1813 3529 sed

1022 3577 1106 3649 magis
1119 3573 1281 3630 credendum
1294 3580 1345 3635 est,
1361 3578 1388 3624 et
1398 3568 1532 3640 sapienter
1542 3581 1603 3622 esse
1618 3554 1756 3620 raemoriae
1769 3564 1812 3618 lit·

1023 3666 1141 3737 terisque
1155 3661 1278 3718 mandata
1290 3701 1298 3727 ,
1311 3666 1422 3730 etgesta
1432 3671 1502 3723 csse,
1515 3664 1542 3711 et
1555 3654 1706 3726 significare
1715 3653 1814 3724 aliquid

1023 3765 1051 3814 ct
1065 3758 1151 3826 ipsum
1172 3751 1270 3824 aliquid
1285 3751 1317 3806 ad
1332 3746 1552 3821 prefigurandam
1568 3745 1715 3802 Ecclesiam
1730 3745 1813 3816 pcrti-

1024 3861 1099 3903 nere.
1113 3845 1172 3900 lam
1193 3857 1276 3914 usque
1290 3842 1324 3897 ad
1349 3840 1420 3895 bunc
1433 3839 1573 3895 articulum
1593 3837 1740 3909 perductus
1752 3836 1816 3891 liber

1026 3941 1077 3996 iste
1088 3936 1252 3994 claudendus
1271 3942 1334 4002 est,
1356 3941 1384 3988 ut
1394 3931 1530 3988 ambarum
1553 3931 1690 3985 civitatum
1703 3943 1816 3992 cursus,
1845 4003 1846 4006 Ἴ

1025 4041 1140 4088 terrene
1154 4028 1254 4084 scilicet
1266 4025 1411 4082 secumdum
1426 4024 1559 4079 bominem
1572 4021 1704 4090 niventis,
1720 4030 1747 4076 et
1761 4034 1816 4076 coe·

1026 4124 1101 4179 lestis
1113 4120 1260 4178 secundum
1274 4119 1378 4183 Deum,
1393 4124 1453 4187 post
1465 4114 1593 4171 diluvium
1606 4122 1633 4170 ct
1649 4114 1776 4186 deinceps
1790 4112 1817 4169 iu

1027 4216 1107 4271 rebus
1118 4208 1342 4283 consequentibus
1355 4207 1516 4278 requiratur.
1741 4193 1744 4199 ’

1059 4414 1066 4446 ¹
1081 4408 1133 4461 sola
1144 4408 1292 4464 editicios..
1305 4405 1428 4476 βοιιιιαισ.

1058 4477 1070 4507 ¹
1087 4479 1111 4521 tn
1122 4469 1262 4521 corbeiensi
1272 4476 1370 4538 ttsqstc
1377 4479 1431 4537 nec.

1061 4534 1166 4585 ⁸c0des
1178 4532 1232 4590 2³58,
1244 4529 1350 4581 scelesm
1358 4537 1411 4579 ber.
1443 4533 1472 4576 ιι.

1058 4597 1094 4659 (n)
1105 4594 1172 4647 coni
1183 4599 1272 4653 Quaest.
1285 4594 1310 4642 iu
1321 4598 1391 4649 Gen,
1403 4601 1445 4653 qu.
1456 4587 1480 4637 d.

470 4799 710 4911 LIBER
747 4795 1102 4910 DECIMUS
1140 4787 1465 4902 SEXTUS.

178 4983 203 5028 tn
215 4980 283 5090 cethus
295 4981 376 5043 priore
392 4989 461 5044 parte
477 4981 530 5045 (n),
549 4994 563 5031 a
582 4983 661 5046 eapite
672 4979 789 5031 videlieet
808 4981 885 5043 primo
899 4978 928 5028 ad
939 4976 1233 5034 duodecimnnr,ciritaus
1245 4976 1381 5035 utriusque,
1392 4968 1500 5020 caelestis
1511 4981 1539 5019 ac
1553 4974 1672 5042 terream,
1692 4975 1821 5030 procurem

210 5055 240 5088 ea
261 5043 341 5092 inetur
359 5043 494 5092 secundnm
504 5055 596 5093 sacram
616 5045 763 5094 bistoriama
778 5049 827 5091 ιιοιι
836 5053 914 5103 usqne
924 5041 953 5089 ad
966 5040 1098 5089 nbralram:
1112 5038 1247 5100 posteriora
1266 5042 1349 5085 autem
1363 5040 1433 5096 parte
1443 5031 1476 5081 dc
1489 5029 1598 5081 coelestis
1607 5028 1774 5081 tantummodo
1787 5027 1821 5078 cl·

210 5103 290 5153 sitatis
296 5117 413 5167 procursu
421 5107 452 5155 ab
463 5105 580 5155 Abrabam
591 5119 669 5170 usque
677 5105 706 5155 ad
715 5104 876 5154 israelitarum
886 5102 1112 5168 rcgcsdisputatur.

929 5205 1062 5263 etesius

180 5339 294 5401 CAPUT
307 5341 449 5402 Pbttllttt.
462 5375 499 5387 -
510 5345 550 5399 Aa
563 5354 619 5417 post
633 5344 776 5410 diluuium,
790 5360 806 5396 a
821 5341 878 5397 Noe
898 5356 975 5412 usquc

218 5433 253 5486 ud
266 5433 394 5487 Abrabam
405 5476 414 5502 ,
427 5436 520 5507 alique·
532 5437 637 5507 [emilie
649 5436 787 5491 secuudum
798 5433 879 5490 Deum
892 5433 974 5489 uiren-

224 5525 285 5579 tium
300 5525 468 5595 reperiuntur.

220 5615 284 5673 l‘ost
292 5617 419 5673 dilnvium
429 5619 610 5688 procurrentis
619 5625 719 5677 sancte
728 5616 839 5691 vestigia
847 5614 974 5686 civitatis,

214 5717 253 5783 (a)
264 5717 314 5772 rid.
327 5716 371 5771 tib.
383 5718 420 5784 ld,
431 5731 485 5784 cap.
495 5718 518 5772 l.

1027 5347 1115 5393 utrum
1128 5335 1281 5392 continuata
1295 5334 1360 5400 sint,
1373 5348 1406 5387 an
1418 5330 1660 5388 intercurrentibus
1676 5327 1821 5400 impictatis

1028 5429 1177 5498 interrupta
1199 5424 1383 5495 temporibus,
1398 5424 1434 5478 ita
1456 5432 1486 5478 ut
1505 5422 1593 5477 nullus
1615 5419 1753 5475 bominum
1768 5419 1823 5472 seri

1029 5518 1108 5577 troius
1119 5518 1167 5574 bei
1181 5517 1268 5574 cultor
1275 5515 1419 5582 existeret,
1431 5513 1464 5569 ad
1479 5512 1607 5583 liquidum
1628 5509 1773 5580 scripturis
1783 5507 1823 5563 lo·

1027 5611 1170 5683 quentibus
1194 5609 1315 5664 invenire
1328 5606 1438 5666 difficile
1462 5613 1677 5675 csttproptercs
1703 5596 1775 5672 quod
1796 5596 1822 5652 ln

1029 5702 1169 5763 cmonicis
1182 5699 1269 5761 libris
1280 5707 1340 5772 post
1351 5696 1418 5769 Noe,
1432 5695 1477 5768 qui
1490 5709 1552 5754 cum
1565 5692 1678 5765 coniuge
1693 5705 1725 5749 ac
1738 5687 1822 5747 tribus
