3900 6390
224 315 272 378 nt
768 320 811 374 on
829 316 989 374 ctttrnrc
1010 315 1075 379 ont,
1095 313 1124 372 s
1145 303 1326 376 subustum

741 480 980 635 trouu
1010 502 1376 635 'suerrus

238 717 267 762 tit
276 711 302 762 ln
313 712 433 775 superiori
444 710 507 761 lituro
516 709 548 760 de
560 708 630 760 maiis
641 723 734 760 morum
751 718 777 760 et
795 710 877 767 enimi,
887 709 923 758 sic
942 707 967 756 iu
982 702 1097 768 praesenti
1107 701 1140 752 de
1155 704 1264 766 eorporis
1273 712 1406 759 externam
1465 722 1481 760 e
1496 722 1578 760 reram
1589 711 1746 763 incsmmodis
1760 712 1870 762 namtlit

269 773 428 835 Augustinus,
440 780 554 822 omnanoe
564 783 578 820 a
590 771 684 820 erudita
696 773 760 819 ttrlm
771 771 809 820 bis
823 769 920 819 assidue
930 771 1033 816 renatos
1047 763 1132 824 titisse,
1152 770 1227 827 atque
1243 763 1274 816 ab
1291 771 1424 821 avertenda
1447 771 1554 835 dgenus
1565 771 1626 822 male
1637 772 1699 823 deos
1712 772 1795 836 falsos,
1812 788 1869 823 cunr

237 452 411 473 *—

33 802 35 806 ⁴
114 869 116 872 <
224 841 328 898 ,ante
337 833 423 885 cbrtsu
432 834 564 885 aduentum
580 832 660 883 libere
674 827 1056 892 cotereumrmluttpresttttsse.

959 929 1144 987 crambes

230 1063 351 1124 *ment
370 1063 511 1122 PlllblUbl.
522 1094 559 1108 ·-
572 1063 612 1119 ile
625 1063 815 1119 adversitatibus
826 1077 888 1134 qum
901 1058 950 1119 soii
963 1057 1024 1112 nseii

256 1157 259 1167 '
273 1167 404 1227 meinent,
418 1167 443 1214 et
460 1173 525 1229 qens
546 1172 644 1229 senrper
664 1172 752 1228 passm
774 1163 811 1210 est
828 1152 952 1218 marrim,
966 1166 1025 1206 cem

272 1250 334 1306 deos
346 1250 448 1306 cabrer.
529 1246 532 1251 ’

256 1346 259 1352 ’
273 1361 334 1420 iam
348 1361 415 1417 satis
425 1361 526 1418 dietum
540 1359 658 1432 arbitror
673 1358 707 1414 de
721 1372 824 1412 morum
837 1357 914 1411 malis
927 1362 954 1410 et
967 1353 1025 1409 ani·

231 1467 353 1521 enorum,
363 1467 423 1523 quae
436 1452 569 1522 praecipue
580 1451 698 1506 cauenda
711 1458 781 1514 snm,
793 1446 859 1502 nibil
869 1446 935 1501 deos
944 1444 1024 1500 iolsos

237 1543 337 1615 populo
347 1543 443 1600 cultori
454 1556 514 1606 suo,
525 1542 667 1613 quominus
677 1555 770 1597 eorum
784 1540 914 1594 maiorum
928 1550 1025 1607 aggere

237 1646 415 1708 prerneretur,
428 1634 571 1692 subuenire
583 1648 708 1696 conamen
723 1631 771 1689 sed
787 1633 886 1702 potius,
899 1637 928 1685 ut
942 1627 1026 1683 mani·

236 1742 282 1785 me
296 1737 478 1801 premeretur,
493 1724 591 1797 egisse.
602 1724 678 1781 Nune
691 1724 726 1780 de
738 1723 791 1780 iilis
802 1722 879 1777 unalis
891 1720 968 1777 rideo
981 1717 1024 1775 dl·

235 1815 363 1885 mudum,
374 1833 435 1888 qme
446 1817 502 1871 sola
517 1814 560 1871 isti
576 1815 676 1887 perpeti
692 1815 794 1878 uolunt,
810 1811 898 1884 qualia
912 1819 974 1865 snm
986 1809 1026 1863 ia·

237 1923 307 1975 ntes,
320 1906 446 1972 morbus,
459 1906 573 1973 beilum,
584 1903 756 1976 exspoliatio,
770 1901 924 1973 captivitas,
940 1902 1024 1958 truci·

236 2000 321 2065 detio.
335 2007 363 2054 et
374 1998 397 2052 si
411 2013 461 2069 qua
474 1997 569 2052 similia
582 1997 636 2069 jam
648 1996 771 2066 inprime
784 1995 853 2051 libro
862 2006 1026 2049 commemo·

237 2089 365 2147 ravimus.
375 2086 438 2144 ilaec
447 2088 518 2144 enim
531 2086 588 2143 sole
599 2086 661 2142 mali
671 2086 800 2157 deputant
810 2083 890 2147 mala,
900 2097 960 2154 quae
970 2096 1023 2137 nou

237 2180 338 2236 laniunt
350 2179 453 2242 maios,
466 2193 516 2232 nec
528 2177 691 2234 erubescunt
712 2178 783 2232 iuter
804 2175 872 2231 bona
886 2189 945 2245 qnae
967 2172 1025 2227 lau·

235 2270 322 2338 dant,
337 2268 388 2340 ipsi
411 2269 472 2323 ntuli
485 2257 551 2322 ‘esse
568 2267 616 2343 qui·
631 2266 756 2331 laudant3
773 2265 909 2336 magisque
923 2273 1025 2318 stoma·

233 2356 368 2428 citantur,
383 2361 407 2416 si
420 2361 510 2416 tiliam
523 2358 621 2416 niniam
641 2359 775 2426 habeant,
793 2374 872 2429 quam
887 2359 909 2412 si
923 2358 1023 2411 sitam:

238 2452 315 2525 qussi
328 2450 380 2508 boc
393 2451 428 2507 sit
441 2449 556 2507 bominis
570 2450 714 2506 maximum
727 2449 838 2516 bonnm,
849 2447 947 2504 babere
956 2449 1025 2504 bona

238 2545 340 2614 omnnia,
354 2554 451 2617 preter
463 2559 493 2601 se
504 2544 603 2616 ipsum.
618 2542 671 2600 Sed
685 2558 771 2614 neque
784 2542 847 2598 talla
859 2542 947 2608 mala,
966 2556 1025 2612 quse

240 2637 284 2692 tsti
298 2636 355 2692 sola
368 2633 527 2702 lormidnnt,
544 2634 580 2691 dil
594 2648 704 2697 eorum,
718 2631 825 2704 quando
839 2632 873 2687 ab
884 2632 924 2688 eis
943 2631 1026 2688 libere

237 2727 403 2788 colebantur.
415 2742 449 2781 ne
459 2724 512 2780 iliis
520 2722 682 2788 acciderent,
694 2723 864 2778 obstiterunt.
872 2721 940 2776 Cum
953 2722 1025 2776 enim

239 2820 321 2876 variis
341 2834 389 2890 per
407 2817 515 2873 diuersa
537 2816 614 2873 ioca¹
628 2814 793 2885 temporibus
806 2823 868 2870 ante
880 2812 1025 2868 aduentum

238 2910 428 2981 netenpons
457 2909 541 2964 nostri
568 2904 808 2963 innumerabilibus
837 2904 1025 2975 nonnullisque

239 3003 319 3058 etlam
333 2999 535 3058 incredibilibus
546 2993 666 3056 cladibus
680 3010 765 3070 genus
776 3004 959 3052 contereretur
973 2994 1023 3050 bu·

239 3104 362 3158 murum3
377 3104 445 3162 quos
458 3089 526 3145 alios
538 3103 617 3160 quarn
631 3088 697 3144 istos
706 3087 773 3144 deos
785 3085 899 3142 mundos
910 3084 1024 3151 colebat,

238 3191 351 3258 excepto
372 3199 426 3240 uno
448 3183 546 3255 populo
567 3181 699 3243 Nebrteo,
721 3189 749 3236 et
769 3178 926 3251 quibusdam
950 3186 1025 3234 extra

239 3276 326 3348 ipsum
338 3273 477 3347 populum,
485 3272 645 3343 ubicumque
654 3270 738 3343 gratia
750 3269 839 3327 dlrtna
852 3268 925 3341 digni
937 3269 1026 3326 occui-

238 3365 343 3423 tlsstmo
354 3373 435 3436 atque
446 3363 595 3435 irnstlssirno
608 3362 655 3418 llei
666 3361 768 3434 judicio
780 3361 887 3418 luerunt
901 3359 960 3432 (all
971 3360 1025 3418 lie-

240 3470 298 3513 rum
309 3471 343 3514 ne
352 3454 464 3512 nimium
474 3455 582 3525 longum
593 3453 697 3519 inciam,
706 3453 801 3510 tacebo
810 3452 919 3509 aliarum
930 3468 1028 3524 nsque·

240 3561 345 3622 quaque
356 3546 475 3619 gentium
489 3545 558 3601 mala
572 3544 729 3616 gratissima
745 3560 753 3601 n
767 3542 838 3614 quod
860 3542 893 3598 ad
913 3543 1026 3601 itomam

239 3638 357 3709 pertinet
368 3637 573 3707 Romanumque
586 3635 736 3706 imperium,
752 3643 854 3690 tantum
870 3635 979 3705 loquar;
1000 3634 1026 3689 id

238 3738 291 3796 est,
305 3727 340 3785 td
354 3727 439 3800 ipsam
453 3725 560 3797 proprie
572 3725 725 3792 ciuitatem,
745 3731 773 3779 et
794 3737 967 3794 quaecumque
988 3723 1027 3780 illi

239 3831 372 3879 terrerum
383 3817 428 3875 rel
437 3817 565 3874 meletate
574 3814 736 3888 coniuncte,
748 3815 789 3872 rel
801 3814 953 3871 conditione
965 3815 1028 3872 sob-

239 3909 316 3982 iectas
327 3916 407 3976 mot,
425 3923 485 3980 que
496 3906 552 3963 sint
565 3920 699 3978 perpesse
715 3913 778 3962 ente
790 3904 932 3961 adventum
947 3905 1026 3962 (ibri-

239 4003 291 4067 tti.
305 4017 366 4059 cum
382 4001 437 4072 jam
452 3998 485 4056 nd
499 3999 558 4070 ejus
572 3997 647 4070 quast
661 4011 760 4068 corpus
773 3996 928 4070 reipublice
943 3998 1026 4068 perti·

240 4101 344 4151 nerent.

241 4182 353 4242 istut
370 4181 447 4238 tt-
459 4182 500 4238 dn
514 4181 565 4247 dii,
579 4180 623 4251 qui
636 4187 660 4234 et
679 4195 695 4233 a
715 4178 837 4235 Romanis
855 4188 879 4233 et
898 4195 915 4232 a
934 4177 1027 4234 Grecis

275 4273 392 4330 sintiiiter
409 4272 669 4338 calciamentum
689 4270 821 4326 imbuerint
840 4272 930 4343 quibas
948 4270 1027 4327 ilium

274 4373 419 4438 palomar
432 4363 554 4419 amendi.

277 4456 397 4513 Primum
413 4456 470 4527 ipsn
479 4454 559 4526 Troia
568 4454 610 4510 rei
624 4453 712 4519 ilium,
722 4452 792 4509 unde
802 4453 926 4523 origoest
938 4453 1026 4524 popuii

243 4547 358 4605 Nomnni
373 4546 473 4619 (neque
484 4545 556 4602 enlm
568 4543 782 4616 pretereundum
796 4553 841 4599 aut
854 4544 1028 4601 dissimulan-

243 4642 307 4698 dum
319 4648 371 4707 est,
385 4638 457 4711 quod
470 4648 499 4696 et
511 4638 539 4696 in
553 4638 639 4708 primo
653 4637 721 4693 libro
734 4637 807 4707 attigi
821 4635 896 4709 {cap
910 4635 938 4709 i]
948 4678 956 4704 ,
967 4652 1028 4694 eos-

241 4734 303 4789 dem
316 4730 418 4787 babens
431 4728 498 4785 deos
509 4736 536 4784 et
548 4727 651 4793 coiens,
664 4742 712 4783 eur
724 4741 738 4780 a
749 4724 850 4782 Graccis
862 4726 971 4789 nictum,
983 4742 1029 4782 ce-

241 4831 316 4892 ptum
337 4829 418 4892 atque
437 4818 555 4875 deletum
577 4816 636 4874 esti
655 4816 782 4879 Priamo,
805 4815 945 4886 inquiunt,
966 4827 1029 4872 sunt

243 4914 345 4970 reddita
358 4911 557 4969 laomedontea
576 4917 685 4980 paterna
701 4907 817 4977 perjuria
832 4906 881 4979 (l).
895 4907 965 4979 Ergo
980 4924 1027 4964 re·

240 5025 301 5065 rum
315 5017 367 5075 cst,
381 5006 452 5078 quod
466 5005 562 5075 npntto
576 5013 656 5074 atque
668 5000 807 5072 Neptunus
818 5000 905 5056 eidem
916 5001 1028 5057 Laome·

241 5099 317 5156 domi
336 5099 509 5155 mercenariis
530 5095 656 5168 operibus
678 5092 829 5149 servierunt
840 5089 854 5153 :¹
864 5092 916 5146 illis
930 5093 1028 5164 quippe

272 5213 281 5244 ¹
300 5210 380 5264 abest.
390 5209 449 5269 loce,
461 5222 476 5258 a
486 5206 660 5269 manuscriptis
926 5264 932 5278 ι

273 5273 310 5333 (a)
321 5272 453 5333 ttocipsurn
464 5271 610 5337 Augustinus
620 5272 645 5317 ln
660 5264 762 5329 epistola
773 5263 803 5314 ad
813 5271 962 5338 ¹tleogratres
974 5267 1027 5326 tue,

241 5345 265 5383 n.
280 5334 319 5390 tlt,
330 5331 411 5381 docet.
434 5348 446 5377 r
460 5337 534 5402 satus,
547 5347 566 5403 1Ι
577 5331 662 5392 lnquit,
676 5345 694 5401 ⁴n
708 5324 834 5390 reilgioms
851 5325 951 5389 hujus...
968 5328 1027 5379 nulii

239 5389 1026 5525 eremmon,tutnnlmlurnmenemt:

239 5517 279 5575 ttl,
287 5518 333 5567 ait:
347 5522 389 5564 rsr
397 5513 482 5585 dtscutr
494 5521 536 5584 “tur
544 5519 697 5575 etqnmratur
704 5511 881 5574 undequusque
889 5511 1024 5574 srnrttgnuq

240 5594 254 5623 n
266 5590 313 5626 111
323 5577 414 5627 dmum
424 5579 465 5638 qur
493 5579 565 5631 noant,
576 5572 700 5646 temptate
709 5572 826 5645 bernone:
841 5585 884 5622 nos
895 5579 977 5624 autem
986 5573 1025 5624 dl·

241 5650 349 5699 nemus,
357 5637 434 5701 gratia
446 5632 486 5684 rei
493 5634 705 5696 vpraetlestmatrone
716 5635 805 5683 durana.
816 5650 828 5678 ι

267 5697 305 5761 (b)
316 5693 502 5760 uinctirgliius,
519 5702 605 5757 ceorg.
619 5696 661 5744 inl).
675 5696 697 5754 i,
709 5707 774 5744 ress„
785 5693 832 5744 noe
845 5706 854 5743 t

370 5758 551 5809 laomedontcae
562 5756 649 5807 luimus
659 5757 765 5820 periuria
773 5756 857 5819 trojae.

1078 1059 1232 1130 pmmisisse
1245 1062 1397 1120 mercedem
1413 1063 1560 1136 salsumque
1577 1065 1683 1134 jurasse
1700 1067 1868 1137 perhibetur.

1076 1148 1168 1214 iilror,
1181 1152 1350 1222 Apollinem,
1364 1157 1530 1210 nominatum
1542 1155 1736 1224 divinatorem,
1751 1159 1778 1214 in
1792 1167 1869 1214 tauto

1077 1241 1183 1312 opillein
1196 1243 1343 1310 lolmrasse,
1357 1246 1521 1302 nescientem
1533 1248 1603 1317 quod
1617 1248 1770 1305 beornredon
1781 1249 1869 1307 lucrm

1077 1336 1208 1406 promissa
1220 1346 1373 1407 negaturus.
1382 1337 1539 1409 Quanquam
1550 1355 1599 1394 nec
1614 1341 1700 1411 ipsum
1712 1340 1866 1412 Neptunum

1077 1435 1200 1494 patruum
1216 1426 1292 1495 ejus,
1312 1426 1423 1482 tratrem
1443 1428 1534 1494 loris,
1549 1444 1638 1500 regem
1662 1431 1762 1497 maris,
1777 1431 1868 1487 decuit

1076 1513 1197 1584 ignauum
1205 1529 1265 1572 csse
1274 1516 1433 1572 loturornm.
1443 1517 1510 1573 Nam
1522 1519 1592 1574 bunc
1602 1519 1733 1576 Homerus
1741 1521 1775 1575 de
1784 1522 1868 1592 stirpe

1076 1607 1179 1676 AEneae,
1193 1624 1207 1662 a
1221 1610 1298 1679 eujus
1313 1611 1427 1681 posteris
1438 1612 1543 1668 condita
1554 1614 1562 1646 ¹
1575 1613 1658 1668 Roma
1671 1623 1723 1680 est,
1733 1630 1794 1670 cmo
1804 1624 1868 1671 ante

1077 1700 1149 1756 iiiam
1163 1702 1255 1757 urbem
1270 1702 1404 1758 conditam
1419 1702 1489 1758 idern
1505 1715 1581 1775 poeta
1597 1703 1679 1761 inisse
1692 1705 1799 1762 dicmur
1813 1705 1866 1778 (1),

1077 1789 1178 1845 inducit
1197 1807 1322 1862 magnum
1344 1792 1442 1863 aliquid
1463 1791 1626 1850 divinantem
1641 1793 1734 1865 (illan.
1749 1804 1785 1863 Υ,
1801 1812 1866 1851 neas.

1076 1882 1206 1950 tonsos)
1218 1903 1225 1939 ε
1237 1900 1316 1956 quem
1338 1887 1417 1941 etlam
1441 1886 1512 1942 nulle
1526 1889 1632 1958 rapuit,
1648 1896 1678 1943 ut
1690 1887 1773 1954 dicit,
1786 1903 1823 1945 ne
1833 1887 1868 1944 ab

1076 1972 1183 2031 bebiiie
1196 1974 1376 2043 occideretur,

1428 2076 1531 2132 cuperet
1541 2082 1596 2118 cum
1607 2075 1708 2119 uertere
1718 2069 1750 2118 ab
1758 2070 1808 2120 imo

1077 2145 1165 2217 (eroti
1179 2146 1249 2219 apud
1264 2146 1402 2220 Virgilium
1417 2151 1583 2219 coniitetur.)

1107 2240 1376 2292 suucemismantbus
1440 2242 1680 2303 uraemoeuiatrojre.

1327 2303 1390 2365 (AEn
1433 2301 1494 2353 .iib.
1506 2303 1600 2363 limera
1613 2302 1667 2359 eto.
1681 2302 1758 2368 811.)

1076 2381 1230 2440 Nescientes
1256 2383 1335 2456 igitur
1356 2385 1420 2440 tanti
1449 2384 1508 2450 dii,
1532 2384 1670 2456 Neptunus
1697 2395 1725 2440 ct
1749 2385 1867 2457 Apollo,

1076 2473 1285 2531 Laomedontem
1299 2474 1348 2531 sibl
1371 2484 1525 2548 negaturum
1536 2492 1596 2533 esse
1610 2478 1781 2544 mercedem,
1796 2487 1869 2533 strn-

1076 2567 1299 2622 etoresmoeninm
1309 2567 1483 2636 Troianorum
1492 2568 1584 2640 gratis,
1594 2576 1621 2622 et
1632 2568 1741 2636 ingratis
1750 2567 1868 2624 inrmnt.

1077 2654 1190 2712 Videant
1203 2673 1236 2714 ne
1247 2660 1354 2729 gratim
1365 2659 1401 2715 sit
1414 2658 1481 2714 tales
1493 2659 1558 2715 deos
1572 2661 1682 2715 credere
1692 2701 1701 2726 ,
1713 2675 1799 2731 quam
1817 2660 1870 2717 diis

1077 2749 1174 2806 talibus
1188 2749 1321 2822 pejerare.
1350 2751 1407 2808 iioc
1425 2752 1496 2808 enim
1515 2766 1566 2808 nee
1578 2752 1634 2822 ipse
1649 2752 1781 2808 llomerns
1793 2753 1869 2809 ineilc

1076 2842 1213 2907 credidit,
1238 2843 1281 2914 qni
1305 2843 1455 2915 Neptunum
1477 2845 1584 2914 quidem
1604 2854 1696 2900 contra
1716 2845 1867 2916 Troianos,

1076 2933 1228 3003 Apollinem
1243 2944 1331 2990 autem
1348 2949 1396 3004 pro
1407 2935 1531 3005 Troianis
1543 2946 1703 3007 pugnantem
1718 2934 1792 3002 iacit,
1807 2951 1868 2992 cnm

1077 3022 1124 3078 ilio
1146 3024 1263 3094 perjurio
1276 3026 1370 3080 ambos
1394 3025 1481 3080 tabula
1503 3036 1594 3081 narret
1608 3026 1733 3081 olicnsos.
1747 3025 1776 3081 st
1790 3026 1870 3098 igitur

1076 3113 1175 3170 tabuiis
1186 3115 1321 3182 credunt,
1345 3116 1506 3173 erubescant
1527 3117 1587 3171 talia
1602 3117 1690 3173 colere
1700 3119 1809 3173 numina
1823 3133 1832 3184 ;
1845 3119 1869 3173 si

1076 3203 1173 3260 tabulis
1187 3221 1240 3261 non
1254 3206 1377 3274 credunt,
1388 3222 1443 3263 non
1457 3207 1602 3265 obtendant
1614 3208 1728 3277 Troiana
1740 3209 1867 3280 periuria,

1076 3304 1120 3373 ant
1136 3295 1268 3352 mirentur
1280 3296 1344 3353 deos
1360 3297 1473 3369 perjuria
1489 3298 1596 3369 punisse
1610 3297 1724 3368 anjana
1738 3339 1747 3364 ,
1763 3312 1870 3355 amasse

1078 3385 1207 3442 Romana.
1223 3386 1299 3444 Unde
1309 3387 1380 3442 enim
1391 3388 1539 3459 coniuratio
1551 3386 1670 3443 Catillum·
1681 3387 1707 3442 in
1718 3397 1790 3443 tarrta
1800 3397 1868 3445 tam·

1078 3492 1130 3548 que
1141 3489 1266 3548 corrupta
1287 3479 1395 3535 ciuitate
1413 3477 1505 3533 babuit
1528 3479 1609 3534 etiam
1631 3493 1723 3535 eorum
1737 3479 1868 3551 grandem

1078 3568 1180 3639 copiam
1196 3611 1204 3636 ,
1219 3584 1288 3640 quos
1302 3585 1396 3625 nsanos
1410 3559 1490 3639 a‘tque
1502 3571 1591 3641 lingua
1609 3570 1728 3641 perjurio
1746 3579 1793 3627 aut
1804 3586 1869 3629 satt-

1078 3661 1158 3731 guine
1169 3660 1239 3716 ciuili
1250 3660 1339 3717 alebat
1352 3662 1411 3732 (leli
1423 3661 1491 3731 Quid
1504 3663 1576 3718 enim
1588 3662 1659 3717 alirrd
1672 3663 1750 3717 toties
1762 3673 1869 3720 serrato-

1079 3765 1123 3806 res
1136 3753 1253 3823 corrupti
1268 3753 1294 3807 in
1306 3753 1424 3822 judiciis,
1441 3754 1519 3809 toties
1526 3755 1639 3825 populus
1649 3753 1868 3827 iusuiiragiisuel

1079 3843 1105 3899 in
1118 3843 1266 3914 quibusque
1275 3846 1374 3912 causis,
1396 3862 1455 3916 quer
1467 3848 1536 3919 apud
1546 3863 1606 3903 eum
1620 3848 1795 3904 concionibus
1803 3863 1869 3920 age·

1078 3932 1184 4000 bantur,
1199 3935 1248 3989 nisi
1261 3935 1341 3990 etiam
1355 3936 1501 4008 peierando
1513 3938 1659 4009 peccabam
1671 3938 1730 4011 (e)l
1748 3938 1870 4013 Namque

1078 4025 1288 4095 eomrrptissimis
1298 4027 1416 4083 moribus
1425 4027 1458 4083 ad
1471 4029 1520 4084 troc
1531 4044 1589 4085 mos
1597 4028 1702 4100 jurandi
1712 4029 1869 4086 serrabatur

1079 4116 1212 4188 antiquus,
1229 4132 1282 4172 non
1295 4129 1323 4172 ut
1335 4119 1369 4173 ab
1382 4121 1527 4176 sceleribus
1535 4132 1608 4177 metu
1620 4122 1758 4191 religionis
1772 4122 1868 4192 probi·

1079 4209 1274 4276 senonenses
1290 4211 1444 4283 otperjnria
1466 4229 1571 4285 quoqne
1597 4214 1744 4270 sceleribus
1762 4215 1869 4274 celetis

1078 4301 1250 4357 niteremur.

1079 4393 1191 4452 CAPUT
1205 4392 1347 4450 ili-Non
1361 4396 1470 4467 potuim
1481 4395 1576 4464 offendi
1585 4400 1644 4457 deos
1653 4400 1757 4461 Paridis
1769 4407 1870 4466 adnite-

1150 4486 1226 4553 terio,
1238 4485 1307 4559 quod
1319 4486 1384 4542 inter
1397 4486 1465 4558 ipses
1477 4489 1586 4544 traditur
1602 4490 1798 4562 frequentatam.

1114 4597 1190 4654 anla
1204 4598 1292 4669 itarpre
1304 4613 1383 4654 causa
1395 4609 1445 4664 est,
1457 4614 1538 4670 qnare
1550 4600 1597 4671 dii,
1605 4605 1710 4672 quibos.
1722 4617 1751 4662 ut
1764 4607 1869 4676 dieunt,

1079 4697 1190 4745 steterat
1201 4688 1264 4744 illud
1279 4689 1418 4758 impurium
1439 4687 1450 4763 (
1466 4688 1556 4759 l’irpii.
1572 4689 1679 4748 AEneid.
1696 4695 1740 4749 lib.
1756 4696 1786 4764 Ξ,
1802 4716 1867 4756 rere.

1080 4781 1133 4838 552
1144 4781 1166 4854 l,
1190 4798 1250 4839 cunr
1262 4798 1278 4838 a
1291 4783 1392 4839 Grecis
1407 4785 1612 4854 praevalentibus
1626 4788 1771 4858 probentur
1785 4796 1847 4850 victi
1861 4839 1869 4862 ,

1112 4897 1121 4928 ¹
1139 4901 1198 4952 t'ox,
1210 4868 1319 4955 cardia,
1331 4895 1402 4945 abest
1412 4895 1444 4944 ab
1452 4895 1520 4946 vind.
1532 4905 1582 4946 nm.
1596 4904 1633 4948 ttn.
1645 4905 1671 4951 et
1686 4912 1701 4950 a
1713 4908 1767 4953 ttss.
1779 4931 1808 4943 -
1821 4914 1870 4958 ttou

1079 4957 1172 5007 airesta
1183 4956 1252 5006 boso.
1284 4962 1313 5004 tt.

1111 5018 1147 5079 (a)
1160 5026 1208 5068 nec
1216 5019 1248 5068 de
1259 5025 1370 5079 ternpore
1381 5018 1450 5067 tlrlris
1466 5019 1576 5078 conditae,
1588 5033 1635 5071 ner
1645 5022 1678 5072 de
1686 5027 1782 5076 nornen
1795 5035 1869 5079 aetatu

1079 5079 1138 5130 satis
1156 5080 1220 5129 luter
1230 5080 1361 5141 scriptores
1372 5082 1492 5129 oouuemt.
1511 5088 1577 5132 ttunc
1592 5081 1681 5134 elassis
1700 5093 1755 5147 post
1776 5088 1870 5140 bellum

1079 5142 1204 5204 'trojemm
1215 5141 1285 5190 aunis
1293 5139 1347 5202 pius
1356 5143 1434 5190 uulnus
1443 5141 1496 5199 iiiii,
1509 5150 1536 5192 et
1546 5152 1603 5194 ante
1648 5147 1732 5196 rislum
1743 5151 1870 5200 11111111-

1078 5204 1140 5252 citer
1153 5201 1357 5262 momentumque
1369 5202 1485 5252 intudaea
1504 5213 1632 5265 regnante,
1653 5208 1745 5257 vixisse
1757 5213 1869 5271 probabl-

1079 5262 1123 5313 ilor
1134 5265 1214 5325 opinio
1226 5271 1272 5314 est.
1288 5271 1465 5326 Quamcumque
1486 5277 1545 5313 nero
1562 5265 1632 5315 alium
1647 5269 1787 5330 opinionem
1798 5274 1869 5335 sequi

1079 5325 1181 5389 placeat,
1191 5331 1308 5374 ttomeros
1320 5333 1389 5374 noma
1406 5327 1453 5376 erit
1469 5328 1607 5390 antiquior:
1620 5328 1684 5390 quod
1697 5338 1723 5380 et
1732 5333 1818 5383 cletiro
1831 5342 1868 5381 to·

1078 5388 1191 5496 statuglin
1209 5385 1357 5447 1111111111,
1379 5387 1420 5436 111).
1433 5388 1456 5448 1,
1473 5401 1526 5450 cup.
1541 5389 1567 5448 i;
1583 5397 1610 5439 et
1620 5398 1646 5438 Α.
1656 5388 1756 5452 cuturn,
1771 5393 1814 5444 lib.
1828 5396 1866 5454 17,

1077 5460 1145 5633 ωζρζ
1155 5483 1259 5568 sibun,
1270 5504 1302 5581 de
1312 5508 1596 5582 coujmatione,catiiirrae
1607 5525 1660 5574 cap.
1673 5513 1713 5564 tt.

1076 5569 1868 5700 sensiculirtltcjllltlilltltitrctttllt*lit

1341 5687 1471 5760 qutoanlm
1482 5669 1604 5757 antiquii'ts
1614 5671 1718 5748 babeiet
1728 5697 1809 5750 salute
1816 5712 1866 5750 rer·
