3900 6390
245 252 293 319 tit
783 253 829 315 bs
847 254 1005 314 ctttrsttt
1023 252 1091 319 otti.
1111 255 1143 312 S.
1160 250 1342 317 atibusrmt
1704 260 1710 267 ’
1815 268 1869 324 tt!

245 379 271 433 in
294 376 333 432 eis
343 372 430 431 caussis
446 374 526 430 etlam
549 382 653 430 nostras
677 373 827 430 noluntates
838 373 962 444 ignorare
975 370 1027 429 non
1081 368 1171 428 tarum
1185 374 1304 432 ordinem
1317 376 1478 435 dicantesse
1492 376 1606 447 ῐειιΙειε,
1624 378 1667 435 εει
1681 381 1769 450 potius
1780 380 1869 452 Ιεειιει

243 466 341 538 potuit,
356 478 422 536 quas
432 472 581 520 nostrorum
592 479 702 533 opernm
713 478 808 520 causas
817 479 876 521 esse
886 464 1027 535 praescivit.
1081 462 1130 521 lati
1150 466 1258 523 nomine
1277 468 1410 538 appeliant
1423 467 1510 542 (bibra
1521 471 1553 524 tie
1565 466 1642 535 Fato,
1655 486 1731 542 capp.
1745 472 1791 536 ll,
1806 472 1868 543 ¹²1³

281 558 305 614 i.
323 556 389 612 liam
404 566 431 613 et
445 555 508 612 illud
528 556 598 625 quod
618 554 688 612 ldent
702 554 795 612 Cicero
809 554 949 611 concedit¹
964 554 1029 610 nibil
1080 555 1150 627 quod
1163 571 1213 613 nos
1229 557 1415 625 abhorremus,
1430 561 1562 630 praeelpoe
1579 569 1686 631 propter
1697 562 1870 628 vocabulum,

246 650 304 707 beri
321 650 343 704 si
362 665 440 705 causa
458 648 576 704 ciliciens
589 663 642 705 εεε
663 648 795 719 precedat
807 647 896 718 (Libro
907 647 939 703 de
952 645 1028 714 Fron,
1081 646 1151 718 tptod
1164 661 1217 702 non
1229 647 1256 703 in
1268 662 1298 704 re
1311 664 1373 704 rera
1382 652 1518 706 consuerit
1530 649 1649 723 intelligi.
1662 650 1739 720 Quod
1748 667 1814 709 nero
1822 668 1872 710 εε-

245 755 304 812 εερ.
317 740 361 807 ιι),
375 748 399 794 et
410 739 502 810 seqq),
527 738 591 794 satis
604 747 645 795 est
659 738 692 795 ad
706 753 766 794 eum
780 739 808 794 in
823 738 872 793 bac
884 738 1030 808 quaestions
1081 747 1127 809 gat
1139 738 1259 795 ordinem
1274 740 1392 797 omniurn
1411 755 1549 797 esumrum
1569 756 1629 798 esse
1649 741 1829 799 eembsintotn
1842 751 1871 799 et

246 828 468 901 redarguendum.
481 826 633 897 Quidliuina
649 843 710 885 eum
727 827 843 899 adjurat,
863 826 935 900 qnod
955 826 1028 893 dicit,
1082 830 1130 887 bei
1144 832 1315 902 praescientiae
1338 834 1515 900 notissimum,
1537 834 1595 905 plus
1613 850 1676 892 eum
1694 850 1772 906 quam
1786 834 1871 893 Stoici

247 921 312 977 nibli
333 919 438 992 quidem
457 921 513 977 lleri
533 919 591 977 siue
604 935 695 986 causa,
714 919 762 977 sed
781 935 834 976 uon
848 933 954 975 omnem
969 933 1031 973 cau-
1082 919 1253 977 detestamur.
1266 923 1319 978 Aut
1329 923 1400 979 enim
1411 924 1492 980 beuiu
1503 937 1562 981 esse
1578 932 1665 995 negat,
1677 923 1749 996 quod
1761 923 1870 997 quidem

246 1004 303 1067 sant
316 1025 376 1069 esse
389 1009 512 1079 laedetu3
531 1011 591 1082 quia
600 1020 640 1066 est
650 1010 859 1078 eausa-tonaio,
871 1017 1031 1066 estuatura-
1083 1008 1188 1066 inducta
1202 1011 1311 1068 alterius
1330 1027 1441 1083 persona
1456 1013 1483 1068 in
1497 1013 1571 1069 libris
1584 1013 1619 1071 de
1635 1012 1752 1070 beorum
1771 1012 1871 1070 Natura

247 1102 289 1166 lis,
308 1110 353 1166 ,est
362 1101 526 1157 voluntarlai
544 1100 647 1158 Suitlcit
659 1101 721 1172 qula
732 1115 813 1158 omne
826 1101 896 1173 quod
907 1100 945 1167 lit,
963 1117 1031 1157 non·
1083 1100 1171 1158 iacere
1185 1103 1291 1160 molitus
1303 1114 1362 1161 est:
1375 1115 1420 1160 aut
1431 1104 1454 1161 si
1465 1118 1525 1161 εεεε
1536 1104 1778 1173 conflteturbeum,
1790 1120 1871 1177 quem

247 1192 297 1248 uisi
310 1208 389 1250 causa
401 1192 568 1265 precedente
584 1193 643 1250 iteri
653 1192 805 1251 confltetur.
825 1192 879 1250 Nos
892 1194 963 1249 enim
986 1208 1033 1250 eas
1084 1196 1310 1265 rtegatpraescium
1319 1193 1478 1263 futurorum,
1491 1196 1570 1252 etiam
1582 1197 1623 1252 sie
1634 1196 1699 1252 dicit
1709 1195 1775 1252 nibil
1787 1194 1875 1256 alind.

248 1299 353 1352 causas,
377 1300 436 1356 quac
458 1284 581 1340 dicuutur
600 1285 726 1354 fortuitae,
748 1283 819 1342 unde
835 1285 916 1341 etiam
928 1282 1032 1340 fortuna

249 1388 346 1432 nomen
361 1375 533 1446 accepituon
546 1390 606 1431 esse
619 1374 731 1431 dicimus
741 1375 835 1440 nullas,
849 1374 1032 1441 sedlateutes;

249 1480 347 1537 easque
359 1464 498 1521 tribuimus
509 1465 550 1522 uel
561 1464 608 1521 liei
619 1465 684 1529 reri,
707 1465 750 1522 rel
763 1464 942 1536 quorumlibet
954 1465 1034 1536 spiri·

252 1566 324 1611 tuum
338 1554 465 1611 voluntati
480 1574 487 1612 ι
502 1557 625 1627 ipsasque
634 1554 767 1613 naturales
777 1570 942 1628 nequaquam
956 1556 990 1612 ab
1003 1556 1035 1612 il·

252 1644 302 1702 lius
315 1642 450 1703 uoluntate
463 1646 637 1718 sejungimus,
654 1649 700 1719 qui
714 1656 756 1704 est
766 1659 859 1704 auctor
870 1649 958 1704 omnis
971 1664 1036 1705 con·

251 1736 374 1810 ditnrquo
397 1749 509 1795 naturae.
536 1739 594 1796 latu
620 1754 685 1797 nero
706 1754 792 1796 causae
812 1741 969 1797 voluntarie
990 1748 1037 1797 aut

252 1828 299 1885 bei
313 1838 384 1897 sunt,
397 1837 443 1885 aut
455 1830 627 1901 Angelorum,
636 1841 682 1887 aut
692 1829 840 1898 bominum,
851 1840 897 1886 aut
908 1845 1035 1901 quorum-

252 1935 304 1992 que
315 1920 467 1976 animalium
480 1938 487 1976 ε
501 1922 524 1978 si
542 1928 629 1978 tamen
642 1921 805 1992 appellandae
818 1932 879 1978 suut
891 1922 1037 1978 noluntates

253 2011 422 2067 aninralium¹
437 2012 547 2070 rationis
559 2016 706 2085 expertium
719 2024 808 2070 motus
821 2014 869 2078 illi,
882 2014 977 2084 quibus
990 2013 1038 2069 ali·

253 2117 305 2171 qua
326 2101 427 2159 iaciunt
445 2103 589 2159 secuudum
611 2110 732 2160 naturam
746 2118 831 2171 suam,
849 2119 910 2160 curn
922 2104 984 2175 quid
996 2102 1037 2159 rel

254 2191 409 2263 appetunt¹,
422 2192 463 2248 rel
478 2193 588 2250 evitant.
609 2194 769 2266 Angelorum
788 2203 876 2251 autem
890 2195 1038 2250 uoluntates

255 2283 325 2350 dico,
338 2283 395 2339 sire
407 2282 548 2352 bonorum,
571 2300 638 2356 quos
652 2285 765 2357 Angelos
779 2286 826 2342 liei
839 2286 967 2354 dicimus;
983 2287 1039 2342 sire

255 2373 396 2438 malorum,
422 2390 489 2447 quos
511 2376 621 2449 angelos
633 2376 733 2434 diaboii
752 2378 794 2434 tel
808 2378 888 2435 etiarn
906 2375 1039 2446 demones

255 2462 421 2537 'appellamus
434 2487 440 2522 :
453 2469 491 2525 sic
504 2477 531 2525 et
540 2468 677 2525 bominum
688 2469 818 2527 bonorum
831 2471 931 2527 scilicet
943 2480 970 2525 et
982 2485 1039 2526 nta-

256 2554 355 2613 lorum.
367 2561 406 2616 dc
414 2575 462 2632 per
471 2559 524 2617 boe
533 2559 675 2633 colligitur,
689 2575 742 2618 non
750 2576 909 2619 essecausas
921 2561 1040 2619 efficien-

258 2659 298 2705 tes
310 2651 426 2707 omnium
441 2668 500 2723 quae
513 2652 589 2721 bunt,
601 2652 652 2707 nisi
666 2653 837 2722 uoluntarias,
859 2653 930 2709 illius
940 2664 1041 2711 naturae

258 2739 361 2797 scilicet
378 2757 437 2813 quae
458 2742 566 2813 spiritus
587 2743 647 2798 ritae
666 2728 717 2799 est.
737 2742 804 2799 Nam
821 2752 849 2798 et
865 2758 912 2799 εει
930 2744 981 2800 ἱειε
993 2759 1041 2799 εεε

258 2842 363 2899 uentris,
374 2831 470 2888 dicitur
482 2833 609 2904 spiritus:
625 2833 803 2905 sedquoniam
817 2848 913 2904 corpus
924 2843 974 2901 est,
988 2851 1041 2890 nnn

260 2931 302 2979 εει
315 2922 423 2992 spiritus
437 2924 506 2978 ritae.
520 2921 633 2994 Spiritus
647 2939 710 2997 ergo
719 2924 789 2992 rita,
803 2924 847 2996 qui
857 2924 969 2981 rivillcat
981 2939 1041 2980 om-

260 3011 315 3076 uia,
331 3020 488 3084 creatorque
508 3020 550 3070 est
565 3014 652 3070 omnis
667 3014 787 3086 corporis
807 3022 835 3071 et
854 3014 940 3071 omnis
960 3016 1042 3072 creati

259 3102 378 3172 spiritus,
393 3103 449 3174 ipse
458 3112 500 3160 est
512 3103 591 3172 Deus,
602 3105 712 3176 spiritus
722 3106 812 3178 utique
821 3121 875 3162 non
884 3117 998 3164 creatus.
1013 3109 1042 3165 iu

259 3193 317 3265 ejus
330 3194 464 3252 voluntate
476 3207 579 3251 summa
599 3205 716 3267 potestas
728 3207 779 3262 est,
801 3196 881 3268 quael
894 3209 1043 3256 creatorum

261 3287 401 3357 spirituum
422 3286 572 3343 voluntates
591 3286 676 3343 bonas
694 3287 811 3359 adjurat,
834 3289 918 3345 malos
931 3289 1041 3361 judicat,

260 3393 354 3433 omncs
364 3377 523 3444 ordiuot3et
533 3377 689 3449 quibusdam
699 3378 790 3435 tribuit
801 3381 972 3451 potestatesi,
983 3381 1044 3454 qui·

262 3466 372 3522 busdam
392 3483 444 3522 non
465 3467 565 3524 tribuit.
582 3467 656 3524 Sicut
671 3469 741 3524 euim
756 3472 874 3527 omnium
891 3481 1042 3529 naturarum

262 3568 368 3614 creator
374 3559 466 3623 est,ita
476 3559 592 3615 omnium
604 3570 762 3631 potestatum
771 3562 858 3631 dator,
868 3579 919 3618 non
928 3564 1045 3622 uolunta·

264 3647 409 3703 tunnblalae
420 3648 709 3718 quipperoluutatesab
717 3652 761 3712 illo
772 3666 824 3708 non
833 3660 910 3716 sunt;
921 3656 1044 3724 quoniam

263 3746 356 3792 contra
369 3746 487 3793 naturam
501 3746 572 3804 suut,
588 3755 648 3809 quse
660 3739 694 3795 ab
708 3740 753 3795 illu
765 3750 817 3797 est.
836 3742 952 3813 Corpora
967 3744 1045 3814 igitur

261 3828 347 3898 tnagis
359 3828 496 3899 subjacent
505 3828 685 3884 voluntatibus
694 3846 703 3897 ;
713 3830 833 3902 quedam
845 3833 949 3899 nostris,
965 3833 990 3888 id
1003 3842 1046 3890 εει

230 3904 235 3913 ’
262 3919 379 3974 omnium
391 3919 564 3976 animantium
577 3921 741 3989 mortalium,
762 3930 789 3979 et
808 3923 890 3995 magis
909 3924 1045 3982 bominum

262 4025 340 4081 quarn
356 4011 515 4079 bestiarum
528 4012 649 4083 quedam
665 4029 729 4070 reno
740 4016 911 4085 angelorum:
929 4017 976 4074 sed
989 4033 1046 4074 onr-

262 4102 306 4155 uia
319 4103 432 4157 maxime
445 4101 491 4159 liei
502 4103 627 4158 voluntati
640 4103 743 4161 subdita
760 4115 841 4173 sunt;
854 4107 896 4162 cui
907 4109 985 4163 etiam
999 4124 1047 4165 ro-

173 4244 177 4252 ,
262 4189 379 4248 luntates
398 4207 491 4249 omues
508 4194 695 4266 subjiciuntur,
717 4197 778 4269 quia
792 4213 844 4253 non
859 4197 957 4255 babent
969 4209 1045 4270 pote·

263 4293 358 4340 statem
372 4286 420 4340 ulsi
436 4301 514 4357 quam
528 4287 574 4343 ille
594 4287 725 4358 coneedit.
748 4288 833 4344 Causa
848 4290 935 4362 itaque
955 4303 1046 4348 retiam

263 4390 322 4445 quae
345 4374 417 4442 lucit,
440 4392 490 4432 uec
503 4377 541 4444 lit,
563 4377 635 4433 Deus
648 4385 698 4434 est.
716 4378 782 4434 Aliae
795 4394 859 4436 vero
870 4395 957 4437 causae
967 4391 994 4437 et
1008 4381 1047 4438 ia-

262 4469 346 4534 ciunt,
371 4477 400 4524 et
422 4468 505 4534 flunt;
531 4470 600 4525 sicut
624 4481 686 4526 sunt
709 4484 802 4528 omnes
823 4473 904 4530 creati
928 4474 1045 4545 spiritus,

264 4559 379 4614 maxime
399 4558 551 4615 rationales.
573 4558 732 4630 Corporales
751 4572 838 4630 autem
862 4578 959 4632 cause,
987 4581 1046 4637 quae

263 4649 347 4721 tnagis
360 4648 436 4717 liunt,
448 4665 527 4721 quam
541 4649 649 4716 iaciunt,
672 4667 725 4708 non
738 4662 799 4709 snut
810 4654 879 4711 lutet
890 4668 984 4713 causas
1004 4656 1045 4714 el·

261 4740 381 4797 ficientes
393 4741 617 4806 annumerandam
633 4741 756 4813 quoniam
771 4742 821 4799 boc
841 4757 962 4816 possunt,
976 4747 1046 4818 quod

262 4848 295 4888 ex
308 4833 371 4903 ipsis
385 4831 485 4889 iaciunt
499 4832 637 4907 spirituum
650 4832 807 4889 uoluntates.
818 4835 957 4905 Quomodo
968 4839 1046 4908 igitur

262 4921 327 4977 crdo
337 4937 486 4990 causarum,
500 4922 546 4995 qui
558 4923 705 4993 praescienti
717 4933 807 4980 certus
818 4934 859 4980 est
869 4926 935 4995 beo,
951 4927 976 4982 id
988 4927 1047 4984 eill-

262 5011 311 5078 eit,
320 5021 348 5066 ut
362 5013 426 5069 nibil
439 5013 474 5069 sit
493 5013 519 5069 iu
535 5022 626 5069 nostra
638 5014 781 5081 voluntate,
802 5031 862 5071 cum
881 5018 907 5070 iu
917 5017 1046 5088 ipsocau-

262 5118 351 5159 sarum
364 5105 456 5162 ordine
474 5122 597 5177 magnum
612 5106 727 5163 babeant
738 5107 826 5163 locum
839 5119 937 5164 nostrae
952 5110 1046 5166 nolun-

262 5193 351 5249 tatesl
363 5194 580 5268 contendatergo
594 5195 687 5254 Cicero
702 5199 825 5269 cumeis,
840 5197 885 5276 qui
898 5197 969 5256 bunc
981 5216 1044 5257 εεε-

293 5347 304 5379 ¹
321 5346 388 5395 tind.
401 5357 450 5397 tm.
461 5354 509 5408 En,
521 5347 648 5400 cobendt't.

293 5410 304 5441 ¹
320 5415 367 5458 ttoc
379 5408 431 5458 locu
442 5416 503 5468 εεε,
515 5410 657 5460 εεεεειιεε.

293 5471 305 5503 ¹
319 5469 372 5519 suia
384 5471 532 5529 editiotem,
543 5470 730 5535 cuman'dbom'
738 5471 822 5524 ειειιεε
832 5471 869 5524 oei
877 5479 997 5539 appetisti.

292 5532 355 5582 ‘sic
366 5531 433 5580 tint.
445 5536 481 5582 Er.
500 5537 525 5581 et
544 5529 626 5594 plures
639 5537 733 5583 iisset
750 5539 815 5599 lor,
835 5534 885 5598 qui.
903 5534 1011 5589 sommo
1029 5548 1044 5589 ε

261 5597 449 5706 uffbemlsutlss.
462 5661 487 5703 ιε
499 5650 569 5702 edttis
578 5664 644 5713 vero,
655 5659 798 5716 εειεειιιεει.

1084 1298 1165 1355 quam
1183 1285 1253 1355 quod
1274 1285 1397 1341 illedixit
1415 1285 1534 1356 insipiens
1547 1287 1574 1340 in
1586 1286 1662 1342 curie
1672 1302 1729 1352 ιιε,
1752 1284 1815 1342 lion
1835 1293 1875 1342 cat

1085 1368 1154 1429 Desa
1169 1372 1253 1446 (snt.
1268 1392 1324 1442 xtra,
1344 1375 1383 1447 l).
1397 1375 1447 1444 Qui
1460 1376 1530 1432 enim
1544 1391 1597 1431 non
1608 1386 1650 1432 εει
1665 1376 1794 1447 prescius
1810 1389 1872 1431 otn-

1086 1466 1159 1522 dium
1171 1466 1330 1534 lutnroruut,
1345 1484 1397 1524 non
1411 1475 1453 1524 est
1466 1469 1556 1539 utique
1568 1469 1647 1525 Deus.
1659 1468 1828 1540 Quapropter
1843 1476 1876 1529 et.

1087 1560 1236 1616 voluntates
1248 1567 1345 1615 nostrae
1359 1568 1459 1614 tanturn
1471 1558 1570 1627 valent,
1593 1567 1720 1630 qnantum
1735 1558 1806 1615 bens
1826 1574 1873 1615 eas

1087 1653 1176 1708 valere
1192 1653 1276 1708 voluit
1288 1663 1367 1724 atque
1383 1652 1514 1723 prescivit
1535 1669 1543 1706 ι
1565 1660 1593 1708 ει
1609 1651 1670 1707 ideo
1683 1650 1811 1723 quidquid
1823 1664 1874 1704 ra-

1087 1745 1151 1810 lent,
1166 1744 1312 1800 certissime
1331 1745 1439 1811 raieut;
1460 1753 1488 1800 et
1499 1741 1568 1815 quod
1582 1741 1690 1799 iacturae
1709 1749 1786 1808 sunt,
1807 1740 1875 1811 ipsa

1088 1834 1196 1889 omnino
1210 1833 1318 1890 iacturae
1341 1843 1424 1888 sum:
1449 1833 1509 1904 quia
1523 1832 1647 1888 valituras
1665 1839 1745 1901 atque
1757 1829 1875 1886 laetam

1089 1924 1134 1979 llle
1157 1923 1302 1993 prescivit,
1334 1925 1410 1994 cujus
1432 1920 1597 1994 praescientia
1618 1921 1673 1977 lalli
1696 1936 1749 1977 nou
1773 1926 1874 1992 potest.

1089 2011 1254 2084 Quapropter
1269 2013 1291 2070 si
1305 2013 1370 2069 rattu
1382 2014 1426 2070 lati
1443 2029 1539 2070 nomen
1554 2013 1632 2069 alicui
1644 2012 1682 2069 rel
1694 2010 1876 2068 adhibendum

1090 2104 1216 2173 placeret,
1230 2104 1313 2175 magis
1323 2103 1437 2160 dicerem
1447 2102 1528 2160 latum
1536 2117 1595 2160 esse
1605 2102 1767 2171 infirmioris,
1780 2110 1877 2174 poten·

1090 2193 1165 2249 tionis
1179 2195 1350 2262 voluntatem,
1368 2194 1412 2266 qui
1424 2210 1486 2251 eum
1504 2194 1583 2275 babet
1594 2195 1620 2250 in
1636 2201 1775 2266 potestate,
1794 2204 1877 2264 queat

1090 2284 1138 2341 illo
1146 2299 1283 2342 causamn
1295 2286 1398 2353 ordine,
1409 2301 1486 2357 quem
1499 2301 1551 2341 non
1560 2285 1667 2351 usitato,
1678 2284 1726 2342 sed
1738 2297 1789 2340 sno
1798 2296 1875 2340 ntore

1090 2375 1171 2434 Stoici
1189 2377 1269 2432 latum
1290 2377 1432 2448 appeliant,
1456 2376 1593 2433 arbitrium
1615 2384 1714 2433 nostre
1730 2373 1877 2431 uoluntatis

1092 2465 1198 2523 anlerri.

1093 2596 1204 2656 carot
1222 2597 1256 2654 tt.
1269 2628 1305 2639 -
1323 2597 1360 2653 dn
1372 2597 1539 2652 voluntatibus
1553 2597 1681 2652 bominem
1694 2597 1779 2667 aliquo
1793 2560 1878 2651 douai·

1356 2699 1428 2744 uetur
1440 2691 1582 2744 necessitas.

1129 2825 1156 2880 l.
1178 2822 1252 2880 ilnde
1267 2836 1315 2878 nec
1329 2822 1372 2877 illa
1387 2822 1530 2877 necessitas
1549 2817 1714 2875 formidanda
1731 2826 1784 2887 ost,
1797 2830 1876 2888 quam

1093 2913 1260 2972 inmitando
1270 2914 1351 2972 Stoici
1366 2913 1549 2973 laboraverunt
1562 2925 1656 2968 εεεεεε
1666 2926 1756 2967 rernm
1770 2909 1808 2965 ltu
1819 2909 1877 2964 dis·

1093 3009 1225 3080 tinguere,
1240 3014 1269 3062 ut
1279 3005 1406 3078 quasdam
1420 3004 1605 3062 subtraherent
1622 3002 1784 3067 necessitati,
1796 3014 1877 3073 qttas·

1093 3099 1155 3156 dam
1168 3099 1309 3155 subderent
1321 3115 1328 3151 a
1339 3105 1419 3169 atque
1429 3097 1454 3152 in
1465 3096 1580 3167 hisquae
1589 3094 1708 3152 essesub
1718 3093 1877 3151 εεεεωιιειε

1094 3189 1250 3251 noluerunt,
1275 3194 1419 3258 posuerunt
1439 3187 1518 3242 etiam
1538 3194 1643 3241 nostras
1660 3185 1820 3251 uoluntates,
1842 3198 1877 3241 tte

1094 3279 1218 3336 videlicet
1239 3295 1291 3334 non
1304 3290 1394 3334 esseut
1410 3277 1513 3345 libere,
1526 3276 1548 3331 si
1567 3274 1745 3332 subderentur
1757 3273 1877 3330 uecessi-

1096 3373 1154 3429 tnti.
1169 3371 1198 3428 st
1217 3371 1287 3426 enirn
1307 3367 1451 3425 necessitas
1464 3377 1553 3423 nostra
1568 3367 1611 3421 illa
1623 3364 1735 3422 dicenda
1751 3373 1803 3432 εει,
1818 3376 1878 3436 qna

1095 3478 1149 3520 non
1163 3471 1204 3518 est
1217 3461 1243 3516 in
1256 3471 1345 3516 nostra
1359 3468 1499 3530 potestate,
1509 3457 1567 3524 sed,
1582 3457 1685 3513 etiamsi
1698 3454 1827 3524 nolimus,
1839 3454 1878 3510 ei·

1096 3554 1152 3610 licit
1169 3550 1241 3623 quod
1259 3558 1354 3621 potest,
1370 3549 1439 3604 sicut
1450 3557 1492 3602 est
1505 3548 1648 3603 necessitas
1665 3546 1775 3613 mortis3
1791 3545 1877 3600 mani·

1096 3647 1191 3702 testum
1203 3654 1243 3700 est
1253 3642 1401 3698 voluntates
1410 3649 1523 3705 nostras,
1535 3639 1632 3710 quibus
1642 3645 1715 3693 recte
1727 3637 1771 3693 rel
1784 3649 1878 3708 perpe-

1096 3750 1152 3792 ram
1163 3734 1267 3800 riritur,
1280 3731 1330 3788 sub
1343 3730 1388 3786 tali
1402 3730 1557 3785 necessitate
1567 3742 1619 3783 nou
1632 3741 1702 3782 esse.
1713 3725 1797 3781 ttutu
1805 3725 1878 3781 cuin

1097 3824 1218 3886 ιεείιειιε,
1239 3838 1310 3893 quae,
1326 3822 1349 3877 si
1370 3822 1512 3886 nollemus,
1533 3834 1587 3875 unu
1606 3819 1698 3889 utique
1718 3817 1879 3874 taceremus.

1088 3917 1155 3983 Quo
1167 3914 1288 3984 primitus
1301 3912 1415 3981 pertinet
1427 3910 1513 3981 ipsum
1524 3908 1593 3965 relle
1604 3925 1611 3962 a
1624 3923 1696 3972 nant,
1711 3907 1735 3962 sl
1745 3907 1879 3974 volturnus,

1098 4015 1155 4071 est;
1168 4005 1192 4059 si
1204 4003 1337 4066 nolumus,
1349 4016 1403 4056 non
1415 4011 1473 4057 est:
1486 4015 1539 4056 non
1554 4000 1624 4055 enlm
1637 3997 1775 4066 vellemus,
1786 3999 1811 4053 si
1823 3997 1881 4053 noi·

1097 4097 1193 4152 leoaus.
1205 4094 1233 4150 st
1247 4104 1336 4149 antem
1350 4093 1394 4148 illa
1404 4092 1528 4149 delinitur
1539 4106 1599 4148 esse
1612 4091 1768 4158 necessitas,
1780 4104 1881 4147 secan·

1097 4189 1159 4244 dum
1179 4202 1257 4260 quam
1272 4184 1386 4241 dicimus
1406 4199 1516 4240 neccsse
1532 4182 1688 4240 essentiis
1709 4182 1744 4238 sit
1767 4181 1880 4254 aliquid,

1097 4279 1185 4336 velita
1200 4280 1261 4343 tlat3
1274 4277 1363 4333 nescio
1375 4290 1423 4331 cur
1434 4290 1493 4331 eam
1506 4274 1657 4338 timeantur,
1666 4286 1701 4328 ne
1710 4271 1788 4328 nobis
1798 4272 1880 4329 liber·

1099 4379 1179 4426 tatem
1191 4369 1292 4423 auferat
1306 4366 1460 4421 voluntatis.
1475 4363 1567 4434 Neque
1578 4363 1649 4419 euim
1661 4370 1690 4419 ct
1699 4361 1783 4417 ritant
1795 4361 1844 4419 liei
1853 4371 1882 4419 et

1099 4461 1290 4533 praescientiam
1310 4457 1356 4513 bei
1375 4459 1425 4513 sub
1444 4456 1603 4512 necessitate
1623 4453 1757 4525 ponimns,
1770 4455 1793 4510 si
1806 4453 1882 4509 dica·

1098 4567 1158 4608 urus
1176 4565 1285 4606 necesse
1304 4563 1365 4605 esse
1385 4549 1467 4603 ὓεειε
1485 4561 1593 4617 semper
1610 4545 1710 4609 risere,
1735 4552 1765 4600 et
1784 4554 1882 4601 εεεειι

1098 4643 1238 4716 prescire:
1252 4642 1320 4697 sieut
1332 4655 1382 4696 nec
1393 4647 1511 4710 potestas
1524 4639 1583 4708 ejus
1603 4636 1742 4704 minuitur,
1755 4650 1818 4691 cont
1836 4634 1881 4691 di·

1097 4736 1166 4791 citur
1176 4733 1243 4788 tuoni
1262 4732 1368 4801 lallique
1381 4745 1433 4785 non
1448 4742 1537 4798 posse.
1551 4727 1596 4784 Sic
1607 4726 1678 4782 enim
1691 4725 1742 4780 boc
1756 4740 1811 4781 non
1832 4738 1882 4797 po·

1088 4838 1159 4894 ·test‚
1172 4836 1201 4882 ut
1213 4825 1310 4896 potius,
1321 4823 1344 4878 si
1359 4830 1458 4893 posset,
1473 4819 1585 4876 minoris
1603 4827 1675 4874 esset
1696 4817 1789 4888 utique
1802 4825 1880 4888 pnes.

1098 4919 1184 4975 statis.
1198 4916 1280 4971 Recte
1301 4913 1398 4984 quippe
1418 4911 1586 4979 omnipotens
1599 4908 1706 4974 dicitnr,
1725 4907 1771 4978 qul
1790 4916 1880 4964 ιειεειι

1098 5009 1165 5066 mori
1188 5017 1215 5064 et
1234 5006 1288 5062 lalll
1310 5019 1362 5060 uon
1385 5009 1481 5074 potest.
1505 5001 1605 5056 {licitur
1625 5000 1696 5057 euim
1709 5001 1883 5070 omatipntens

1099 5098 1219 5155 iaciendo
1227 5095 1297 5168 quod
1308 5094 1373 5159 stult,
1387 5106 1439 5147 uon
1453 5089 1576 5161 patiendo
1585 5089 1655 5162 quod
1666 5102 1717 5145 nou
1728 5089 1784 5144 vult
1792 5107 1799 5144 ε
1808 5089 1881 5160 quod

1097 5188 1122 5246 ei
1135 5187 1157 5243 si
1175 5186 1316 5248 accideret,
1339 5195 1506 5252 nequaquam
1525 5189 1597 5236 esset
1611 5179 1787 5250 omnipotens.
1805 5179 1881 5235 liutto

1097 5285 1236 5348 propterea
1253 5272 1373 5344 quaedam
1388 5285 1441 5325 uon
1457 5277 1553 5339 potest,
1572 5269 1634 5338 quie
1646 5267 1814 5337 omnipotens
1828 5276 1879 5322 est.

1097 5367 1142 5427 Sic
1154 5367 1243 5432 etiam,
1257 5379 1318 5421 eom
1336 5362 1448 5418 dicimus
1468 5374 1577 5416 necesse
1596 5373 1656 5415 esse
1669 5368 1708 5424 ut,
1728 5373 1789 5413 cun
1806 5358 1879 5413 solu·

1096 5476 1168 5526 mus,
1184 5460 1267 5516 libero
1283 5456 1395 5511 uelimus
1407 5453 1535 5519 arbltrl03
1549 5461 1576 5508 ct
1585 5466 1676 5506 verum
1690 5449 1782 5521 procul
1794 5449 1878 5506 dubio

1096 5552 1220 5618 dicimus,
1233 5559 1261 5606 ει
1272 5564 1324 5604 εεε
1336 5545 1396 5603 ideo
1407 5545 1492 5616 ipsum
1504 5543 1617 5599 liberum
1634 5541 1771 5598 arbitrium
1784 5556 1878 5598 ueces-

1097 5644 1167 5706 sitati
1179 5640 1344 5714 subjicimus,
1357 5652 1416 5710 que
1432 5635 1525 5694 adimit
1539 5634 1698 5693 libertatem.
1711 5631 1779 5692 Sunt
1797 5632 1877 5704 iglttr
