3900 6390
158 317 212 380 820

157 429 324 505 duceretur),
338 444 399 487 cour
419 427 518 501 ingenti
538 425 634 482 inuidia
647 410 813 497 proclamare
829 424 880 480 boc
891 438 947 482 cce·

157 506 197 575 pit
211 523 217 558 ε
231 504 383 570 Corrtestur,
398 501 493 570 inquit,
508 511 659 553 aesomnes
671 511 714 551 mc
724 495 876 551 turcorum
887 509 947 551 csse

156 589 211 630 non
226 573 341 644 possein
357 569 539 640 pussessiune;
553 566 683 637 siquidem
698 567 725 621 in
738 582 770 621 ea
782 566 946 621 Christianos

156 652 296 701 camertes
310 643 406 707 haben,
421 654 533 710 quorum
544 637 625 701 odiis,
644 638 666 692 si
686 637 711 691 in
732 635 869 691 ludaismo
887 651 947 705 per-

156 730 284 771 severare
292 714 411 777 voluero,
421 710 530 765 forsitan
541 707 710 778 periurendus
720 722 788 761 sum.
802 707 856 776 Ego
867 706 947 776 igitur

156 788 299 840 ricemere
314 783 431 851 periculo
444 779 596 842 consulens,
613 778 645 832 ad
661 777 800 833 ecclesiam
814 779 868 845 jam
884 791 945 845 per·

191 871 229 920 nr,
246 863 274 909 ut
293 867 384 908 necem
398 865 457 920 que
471 849 535 904 nrihi
550 857 658 920 qurrrtur
671 847 804 916 effugiam.
820 847 881 902 llaec
894 846 947 902 Ga-

168 928 326 992 rlaeus,cum
348 923 381 977 ad
402 931 506 990 tempus
531 922 598 989 lugae
623 933 652 973 sc
677 927 792 987 pararet,
816 916 892 987 quasi
918 922 947 971 ut

156 1010 252 1051 causas
263 992 444 1049 conversionis
460 1005 514 1045 suae
528 988 675 1044 reddidisse
690 989 835 1053 videretur,
851 987 885 1042 de
903 985 944 1040 iu·

156 1068 209 1120 turi
223 1064 312 1120 saeculi
322 1071 407 1118 morte
417 1060 549 1115 tuncnihil
557 1060 686 1130 cogitans,
699 1058 835 1114 veritatem
846 1057 945 1113 inscius

157 1137 324 1206 luquebnruv.
342 1135 406 1186 lluic
420 1131 537 1186 sermoni
556 1145 623 1199 pene
637 1130 792 1199 praeteriens
806 1131 845 1183 ιιι
859 1127 945 1184 bone-

157 1217 226 1274 stus,
243 1215 270 1260 et
285 1220 335 1258 nou
351 1204 435 1257 solum
451 1203 520 1256 iuter
537 1199 654 1265 ludaeos,
669 1214 761 1255 verum
777 1199 856 1253 etiam
872 1200 898 1253 in
908 1199 946 1252 ci·

157 1276 240 1331 ritate
251 1290 333 1345 usque
346 1275 412 1328 adeo
427 1273 588 1342 precipuus,
604 1279 632 1324 ιιι
647 1270 727 1325 etiam
741 1285 810 1323 nunc
820 1268 946 1324 delerrsur

157 1347 272 1402 civitatis
293 1345 394 1400 clectus
415 1344 460 1409 sit,
481 1341 647 1405 Caecilianus,
670 1355 732 1394 vera
752 1339 890 1395 Galilaeum
906 1340 946 1393 di·

156 1432 230 1483 cere,
246 1415 448 1486 sequesimilem
461 1412 557 1466 habere
568 1425 684 1472 eausam,
694 1410 789 1464 similia
801 1409 945 1465 lorrrridare

157 1489 342 1542 attestabatur.
358 1483 460 1551 Quibus
475 1481 561 1536 verbis
583 1490 682 1535 tautam
703 1494 780 1549 supra
799 1490 945 1534 memorato

155 1559 247 1626 iovcrri
260 1555 356 1626 adiecit
368 1554 568 1615 conlidentinrn,
585 1562 613 1605 nt
630 1552 656 1604 in
670 1560 813 1618 conspectu
827 1552 945 1605 onmium

156 1643 238 1683 cursu
252 1626 419 1696 rapidissimo
432 1623 466 1678 ad
490 1621 689 1693 percipiendum
704 1620 764 1675 lrdei
780 1621 898 1676 bravium
910 1620 944 1675 ad

157 1697 258 1753 Galilrci
274 1697 356 1752 nostri
376 1696 530 1750 convolaret
542 1692 683 1753 auxilium,
706 1702 734 1745 et
745 1691 778 1745 ab
796 1692 945 1745 humiditate

157 1780 259 1833 nostra,
277 1776 305 1821 ιιι
319 1767 377 1836 ejus
386 1763 482 1820 deiude
496 1762 603 1818 nomine
616 1772 781 1826 actitaretur,
796 1769 943 1830 expeteret.

157 1837 315 1893 (lucilianus
327 1846 415 1890 auteur
430 1850 489 1889 curn
504 1842 576 1889 esset
588 1831 739 1888 ludaeorum
754 1839 838 1901 pater,
855 1833 945 1887 habire

157 1923 217 1963 curu
241 1908 359 1971 Floriuo,
375 1908 456 1960 lrarrc
474 1920 534 1970 suo,
554 1918 629 1974 eque
642 1901 794 1958 ludaeorum
816 1911 889 1972 pure
902 1919 946 1956 se·

157 1981 243 2047 niorc,
258 1978 379 2043 consiliu,
403 1973 566 2044 bnjusmudi,
582 1976 650 2029 sicut
668 1973 834 2043 agnovimus,
854 1975 944 2028 verbis

157 2064 317 2120 synagogam
333 2048 444 2102 adorsus
457 2058 497 2101 esr
512 2063 518 2098 :
534 2045 599 2114 Ego,
611 2044 705 2113 iuquit,
716 2058 777 2097 cunr
788 2043 839 2097 sirn
853 2043 879 2096 in
895 2044 942 2096 lru-

157 2135 223 2174 nore
242 2134 381 2189 syringogae
402 2128 460 2186 pust
480 2115 649 2170 Theodorum
673 2114 783 2183 primus,
802 2128 854 2166 uon
877 2112 945 2168 sicut

154 2191 261 2260 iuvenis
269 2189 403 2251 Grrlrlrerrs,
415 2185 606 2255 cunctosqnasi
618 2185 734 2253 trepidus
748 2183 867 2245 consulo,
879 2199 944 2238 con-

157 2268 309 2329 restorquc3
324 2258 370 2312 sed
385 2259 473 2328 potius
487 2257 614 2311 adhortor
627 2264 706 2324 atque
718 2269 887 2319 commoneo,
899 2256 944 2311 de·

156 2329 282 2384 nuntians
295 2338 323 2383 nt
335 2343 426 2382 errore
437 2327 509 2397 pravi
524 2325 625 2380 itineris
634 2324 771 2389 derelicto,
787 2324 810 2378 si
823 2322 881 2379 deri
897 2340 943 2393 po·

156 2409 218 2466 test,
230 2414 323 2454 omncs
338 2399 436 2469 par-iter
454 2397 487 2450 ad
508 2396 585 2450 lrdem
606 2394 811 2450 ecelesiasticam
833 2409 945 2450 concur·

156 2484 255 2524 ramus.
270 2471 345 2535 Quod
364 2468 385 2521 si
397 2483 444 2523 ros
456 2466 489 2520 ad
504 2466 638 2521 Christum
652 2474 721 2519 tanta
736 2465 820 2518 rirtus
834 2480 886 2518 non
901 2474 941 2520 at·

157 2540 257 2600 trabit:
273 2555 322 2610 ego
342 2549 415 2594 certe
438 2546 466 2592 et
479 2536 601 2592 Florinus
620 2534 700 2590 lrutcr
714 2550 800 2598 meus,
816 2536 886 2590 sicut
900 2551 943 2590 re·

155 2611 309 2665 cnsnutibrrs
334 2610 408 2665 robis
431 2617 530 2661 tarrtam
555 2608 666 2661 salutem
691 2604 743 2658 virrr
766 2604 864 2661 irrlerrc
890 2622 942 2659 uun

155 2694 308 2750 possumus,
328 2680 364 2734 ira
385 2694 434 2733 nos
452 2694 512 2733 cum
528 2678 648 2731 uniuersa
664 2675 744 2730 dorno
767 2684 854 2731 nostra
879 2677 942 2731 reli·

155 2751 243 2821 gionis
263 2750 350 2821 bujus,
371 2765 449 2820 quatu
466 2757 586 2802 astruere
607 2759 660 2799 non
685 2746 815 2812 valemus,
830 2745 942 2801 ludibria

155 2821 319 2885 deserentes,
335 2820 546 2875 Clrristinnorum
573 2831 683 2870 rrurnero
704 2816 817 2884 lideique
831 2816 944 2874 sociabi-

155 2907 216 2945 mur
230 2909 236 2945 :
250 2892 294 2961 qui
319 2905 452 2959 nunquam
467 2890 557 2958 ntique
579 2886 813 2940 irnrurnerabilibus
826 2884 944 2956 Scriptu-

155 2975 245 3015 rarum
264 2962 432 3023 testimoniis,
456 2976 508 3013 nun
531 2958 616 3012 solum
639 2967 675 3019 tc,
693 2955 774 3009 lvnter
791 2955 941 3026 Theodec,

154 3032 200 3101 qni
215 3033 323 3102 peritior
341 3032 449 3100 reliquis
468 3029 575 3093 videris,
596 3028 734 3082 sedetiam
754 3035 863 3079 cunctus
876 3042 943 3082 con-

155 3103 302 3168 vincerent,
324 3103 373 3156 nisi
389 3103 539 3163 veritatem,
553 3114 612 3167 anc
625 3098 693 3150 uinci
717 3111 768 3149 non
784 3106 881 3164 potest,
896 3114 942 3152 se·

154 3172 364 3229 clarentrrr.lali
373 3170 540 3226 Caecilianum
550 3184 629 3222 sensu
638 3167 740 3236 plebem
752 3182 825 3220 snam
833 3167 942 3223 auarum

155 3243 344 3312 comperimus,
360 3243 508 3310 multosque
527 3239 679 3294 lrrdreornnr
693 3236 785 3290 eadem
799 3237 843 3291 die
859 3239 892 3292 ad
916 3240 944 3293 ll·

155 3313 216 3365 dem
240 3314 337 3367 Christi
359 3327 418 3365 cnm
442 3311 500 3380 ipso
522 3320 712 3365 concurrentes
732 3324 793 3361 curn
817 3308 942 3366 ineffabili

155 3383 332 3437 exsultatione
344 3382 517 3450 suscepimus.

191 3454 235 3507 ts.
252 3452 373 3522 l‘rorligia
392 3467 457 3507 sanc
476 3466 535 3519 quac
552 3449 586 3504 de
605 3451 674 3504 coelo
697 3459 760 3504 tunc
787 3448 854 3504 lactu
869 3459 940 3519 sunt,

155 3523 223 3576 sicut
236 3521 322 3592 eloqui
333 3526 410 3592 digne
423 3538 475 3575 nun
487 3523 598 3581 valeam,
609 3522 687 3576 silere
700 3536 752 3574 non
764 3522 859 3575 arndeo.
871 3521 940 3577 liora

155 3595 261 3664 circiter
274 3595 385 3661 septima
408 3592 516 3647 blissanr
538 3590 697 3645 dominicam
719 3591 873 3644 solemniter
887 3606 943 3647 cus·

155 3665 241 3731 pimus
253 3664 397 3718 celebrare.
405 3661 471 3717 llum
482 3662 542 3716 dum
555 3675 603 3714 nus
615 3663 786 3717 advenientes
799 3660 831 3715 ad
842 3661 940 3717 Christi

155 3733 236 3789 tidem
249 3731 356 3789 ludaeos
370 3734 412 3790 vel
431 3732 611 3798 exhortamur,
625 3735 665 3787 rel
680 3733 837 3785 adnotamus
854 3733 943 3802 (siqui-

154 3804 215 3857 dem
231 3805 336 3857 numina
350 3818 442 3859 eorum
454 3803 633 3873 scripsimus),
648 3803 761 3873 pupulus
776 3811 864 3857 autem
877 3804 942 3857 tanti

153 3874 243 3942 gandii
264 3875 348 3944 epulis
370 3875 506 3945 saginatos
526 3874 672 3927 carnalium
697 3888 748 3927 non
775 3873 941 3929 meminisset

154 3958 287 4012 escarum,
309 3960 372 4015 pars
383 3945 435 4000 diei
453 3945 538 4014 major
556 3953 719 3999 excurrerat.
736 3944 802 3999 Cum
823 3943 902 4013 igitur
914 3959 941 3999 m

154 4015 348 4086 ecclesiaque
361 4015 495 4085 paululum
515 4031 528 4067 a
553 4016 660 4070 civitate
679 4013 811 4084 sequestri
836 4018 862 4067 in
882 4015 941 4069 loco

154 4087 204 4138 sita
217 4093 267 4151 cst,
287 4087 314 4140 in
334 4101 385 4157 qua
405 4087 487 4142 sancti
509 4087 633 4156 martyris
655 4086 782 4154 Stephani
804 4098 889 4151 nuper
904 4101 942 4139 re·

154 4155 268 4210 conditae
276 4158 394 4227 reliquie
404 4158 604 4225 conquiescunt,
615 4158 750 4212 nobiscum
762 4156 859 4224 pariter
868 4157 943 4225 plebs

155 4229 277 4280 universa
288 4227 394 4281 llissrrrn
403 4231 606 4295 opper·icbatur;
617 4228 670 4282 duo
682 4228 790 4296 quidem
804 4226 938 4288 nrorrnelri,

153 4310 222 4364 qnos
236 4297 363 4351 llominus
376 4304 457 4351 testes
469 4314 576 4351 snmunr
592 4299 778 4352 nrirnculorrnn
792 4297 940 4366 praelegit,

154 4365 180 4420 ιιι
194 4381 288 4435 campo
298 4369 342 4436 qui
355 4377 415 4421 aute
430 4368 501 4422 luces
512 4368 633 4423 ccclesire
648 4369 822 4437 prorerulitur,
837 4367 862 4420 in
878 4367 941 4421 ber-

154 4435 197 4492 bis
210 4439 385 4492 accubabant.
401 4437 542 4493 Virautem
556 4439 709 4503 lrurrorntus,
725 4438 809 4493 Julius
822 4438 940 4502 nornine,

153 4522 214 4560 cunr
228 4507 281 4562 ulio
299 4509 411 4578 quodam
432 4508 465 4563 de
486 4508 592 4563 civitate
606 4509 744 4564 ecclesiam
764 4519 865 4576 petens.
880 4524 941 4562 cmn

153 4590 202 4647 per
216 4577 287 4647 ipsus
299 4582 433 4648 praeterire
445 4583 580 4648 erupisset,
592 4581 768 4649 respondente
779 4594 832 4632 uno
841 4594 873 4632 ex
886 4594 942 4631 ruo·

154 4646 258 4716 trachis,
284 4652 340 4704 viso
359 4650 473 4704 mirabili
495 4651 572 4719 signo
592 4649 775 4715 conturbatus,
801 4649 940 4703 conlusurn

154 4719 243 4773 emisit
266 4721 427 4785 clanrorenr;
453 4736 651 4789 conversusque
676 4719 709 4773 ad
741 4735 792 4780 sc.
819 4729 942 4787 protensa

154 4804 246 4856 menn,
260 4807 320 4862 qnae
333 4792 414 4845 verbo
427 4792 562 4860 explicare
575 4807 627 4844 non
642 4790 827 4860 poterat,quid
839 4788 942 4845 videret

154 4862 280 4915 ostendit.
301 4862 365 4917 Erat
384 4863 477 4932 globus
494 4861 603 4931 quidam
621 4859 801 4916 candidissimi
821 4858 939 4923 luminis,

155 4933 315 5000 proceritate
339 4934 380 4987 sui
400 4942 526 4988 staturam
547 4932 621 5002 qnasi
647 4930 762 4985 bortrinis
785 4928 940 4998 adaequans,

155 5001 239 5054 instar
248 5004 415 5058 vasculorum
424 5020 483 5074 queo
496 5003 574 5073 vulgo
583 5017 653 5057 mec
666 5002 847 5071 appellarrtur;
862 5007 941 5054 luntre

154 5086 218 5125 vcro
233 5074 359 5128 claritatis
373 5082 401 5128 et
416 5075 534 5145 luigoris,
557 5083 585 5128 ut
607 5073 692 5128 visum
707 5072 766 5135 luit,
780 5070 849 5140 quod
867 5070 940 5125 fratri

154 5142 199 5210 qui
215 5142 240 5196 id
256 5143 327 5209 prior
340 5146 449 5209 irritavit,
461 5144 529 5198 sicut
541 5145 597 5215 ipso
609 5142 740 5198 referente
755 5141 939 5210 cognovimns,

154 5212 194 5265 sol
218 5212 341 5268 decidere
366 5212 509 5270 rideretur.
535 5215 590 5269 lloc
611 5215 679 5269 sicut
699 5212 757 5267 istis
782 5214 868 5264 risum
888 5221 939 5277 cst,

154 5280 230 5350 quasi
252 5293 325 5337 trans
348 5282 496 5351 basilicam,
519 5285 544 5337 in
568 5299 618 5355 qna
637 5286 780 5338 rnrirersns
802 5283 940 5337 nobiscnm

155 5353 268 5432 pupulus
281 5356 447 5417 consederat,
461 5355 532 5408 lento
546 5354 619 5424 lapsu
631 5354 820 5408 demittebatur
832 5366 940 5407 :verum

155 5434 191 5476 rta
206 5425 379 5496 propinquum
396 5434 531 5495 putavere,
551 5435 580 5479 ιιι
593 5439 624 5479 se
646 5425 716 5479 idem
735 5426 817 5478 l'rarer
831 5432 940 5493 stupore

155 5502 272 5560 percitus
285 5509 365 5548 cursu
380 5496 543 5565 preriperet,
561 5494 715 5549 existimans
734 5495 760 5548 id
781 5502 839 5562 post
851 5493 942 5548 basili·

154 5577 213 5617 cam
229 5564 369 5620 decidisse.
383 5564 435 5620 Sed
449 5567 482 5619 ab
505 5566 550 5619 illo
570 5574 699 5619 retractus
718 5563 799 5619 iratro
819 5578 940 5634 gressum

155 5633 288 5691 inhibuit:
302 5635 348 5692 illc
368 5636 438 5690 cuitu
452 5636 487 5690 ita
507 5636 613 5704 quidem
627 5635 707 5690 ctiam
726 5635 775 5690 sibi
790 5636 885 5700 visunt,
899 5644 939 5688 ta·

156 5720 216 5761 men
232 5706 335 5776 longius
354 5706 446 5773 lrrisse,
472 5722 524 5760 uon
544 5704 619 5774 quasi
642 5713 740 5769 certus
763 5704 809 5760 scd
828 5715 856 5759 ut
871 5705 940 5761 resti·

155 5789 231 5834 uterus
252 5776 396 5834 astruebat.
417 5776 538 5835 Mulieres
557 5784 646 5837 autum
666 5777 786 5842 uuaedarrr
809 5785 871 5831 tunc
892 5773 939 5832 iu·

810 311 975 370 rrtsrots
994 310 1128 369 severit.

1735 310 1789 371 850

1001 423 1077 482 dere.
1093 426 1163 480 inter
1184 438 1249 496 quas
1266 434 1388 481 matrona
1409 424 1507 482 llclctii
1523 425 1604 492 illius,
1618 424 1693 493 cirins
1707 443 1785 496 supra

998 496 1099 550 menriu
1111 495 1199 551 habita
1212 506 1263 562 cst,
1277 495 1310 550 de
1322 498 1460 552 crenaculo
1483 498 1674 566 perspicientes
1688 497 1722 550 ita
1736 499 1787 555 sibi

997 564 1112 635 idipsum
1138 567 1224 621 risum
1246 567 1423 631 alllrnrabant,
1451 566 1526 637 quasi
1550 582 1629 637 snpra
1652 567 1787 624 basilicam

997 635 1149 692 decidisset.
1166 636 1263 692 l'ernrn
1278 637 1328 692 lroc
1342 645 1431 692 utrum
1454 637 1574 708 angelus,
1595 654 1630 692 au
1652 638 1709 708 ipse
1730 638 1788 694 Ste-

997 704 1190 779 phanrrs.quod
1201 708 1286 762 visum
1299 716 1349 772 est,
1364 706 1454 772 luerit,
1472 708 1601 762 incertum
1620 719 1670 763 est.
1686 708 1786 764 Eadem

996 776 1049 832 dici
1060 776 1124 833 bora
1138 777 1246 833 circiter
1256 788 1359 848 quarta,
1374 778 1465 845 idest,
1481 778 1559 849 paulo
1573 788 1635 833 aute
1646 795 1725 849 quam
1737 779 1787 834 huc

997 847 1102 916 signum
1125 847 1364 915 demonstraretur,
1386 850 1488 931 grande
1503 849 1690 914 minutissima,
1705 865 1786 919 qurrm

997 917 1092 974 breuius
1107 918 1202 974 insulae
1224 918 1293 974 illius
1306 919 1399 989 gentili
1414 934 1537 976 sermone
1550 919 1729 990 albigistinum
1742 938 1788 975 ro·

997 996 1069 1055 cant,
1090 1004 1144 1044 norr
1168 1004 1357 1060 usquequaque
1376 990 1483 1058 copiosa
1505 989 1624 1045 dellmit.
1640 988 1711 1054 ttae,
1724 1005 1786 1046 cunr

996 1058 1064 1114 odor
1074 1075 1109 1115 es
1123 1075 1153 1114 ea
1168 1060 1254 1115 mellis
1265 1059 1383 1130 fragrare
1392 1060 1529 1132 coeplsset,
1540 1075 1554 1113 a
1566 1060 1729 1130 nrultisquos
1739 1076 1788 1131 per

998 1128 1066 1184 viam
1079 1129 1267 1186 verberaverat
1280 1128 1428 1200 degustate,
1443 1131 1547 1186 dulcior
1559 1132 1637 1186 melle
1649 1140 1787 1201 comperta

996 1207 1048 1254 cst.
1074 1200 1147 1256 llulti
1175 1200 1264 1271 iraque
1284 1203 1428 1269 sapientes,
1453 1216 1513 1256 curu
1535 1201 1629 1257 eadem
1652 1201 1695 1257 die
1718 1203 1787 1259 lilios

997 1268 1076 1326 lsrael
1098 1272 1132 1326 ab
1156 1270 1272 1342 AEgypto
1311 1271 1410 1327 erlidie
1429 1287 1485 1327 suae
1501 1272 1603 1341 latique
1622 1289 1638 1327 a
1660 1274 1787 1329 servitute

996 1354 1119 1410 egressos
1138 1341 1269 1407 viderent,
1294 1288 1352 1397 iircc
1370 1358 1429 1410 quse
1449 1342 1518 1398 breta
1542 1353 1612 1407 sunt,
1630 1344 1713 1414 signis
1734 1344 1787 1400 rurs

995 1424 1055 1480 quae
1067 1412 1094 1467 in
1109 1412 1201 1467 llxodo
1216 1414 1326 1483 legimus
1345 1414 1544 1483 comparabant,
1559 1422 1590 1468 ιιι
1603 1414 1664 1470 lrrric
1713 1415 1785 1484 pulo,

995 1482 1040 1549 qui
1061 1482 1143 1537 Deum
1157 1482 1266 1538 credulo
1276 1483 1356 1538 corde
1371 1483 1476 1538 intuens
1487 1499 1577 1539 verum
1588 1486 1667 1539 etlam
1693 1485 1787 1539 srnelis

995 1563 1092 1606 nomen
1118 1554 1231 1615 meruit,
1256 1570 1352 1608 manua
1376 1555 1516 1609 crederent
1541 1555 1659 1610 innovari
1679 1553 1784 1624 (Esou.

996 1625 1061 1691 rvr).
1078 1621 1233 1678 Columnam
1249 1640 1353 1695 qnoque
1371 1624 1448 1694 ignis,
1465 1642 1524 1693 quie
1539 1634 1628 1692 patres
1646 1628 1672 1678 in
1691 1641 1784 1681 eremo

995 1692 1489 1762 precedebat(ld.rrrr,22),utetiam
1508 1694 1661 1750 liliisarcra
1669 1694 1786 1767 AEgypto

995 1772 1075 1832 atque
1098 1765 1216 1830 lurnacc‚
1239 1767 1307 1820 sicut
1329 1765 1455 1834 scripturn
1481 1775 1534 1830 est,
1559 1763 1644 1821 ferrea
1669 1766 1785 1836 egressis

996 1830 1084 1903 (dent.
1099 1851 1135 1900 rr,
1149 1835 1207 1905 20),
1220 1835 1344 1890 ducatum
1357 1836 1489 1906 praeberet
1502 1836 1535 1891 ad
1548 1836 1640 1900 vitam,
1649 1846 1785 1891 osterrsarn

995 1903 1076 1958 inisse
1092 1907 1287 1960 existimarunt.
1302 1906 1336 1961 Et
1350 1922 1379 1961 re
1396 1922 1468 1973 veru,
1492 1908 1560 1960 sicul
1575 1906 1688 1961 lectirme
1701 1907 1784 1962 Exodi

994 1983 1156 2042 attestatur,
1183 1977 1328 2032 similitudo
1351 1977 1486 2047 signorum
1511 1976 1620 2031 minime
1640 1977 1784 2046 discrepat.

994 2043 1060 2099 Nam
1077 2054 1105 2101 et
1125 2045 1189 2100 illud
1202 2047 1273 2117 quod
1288 2048 1376 2102 nivem
1398 2049 1479 2102 luisse
1502 2047 1680 2108 credidimus,
1692 2061 1785 2102 semen

994 2115 1127 2172 coriandri
1141 2119 1234 2172 minuti
1247 2117 1413 2187 adaquabat,
1427 2118 1513 2172 mellis
1525 2132 1649 2186 saporem
1662 2117 1783 2184 lerebata

994 2195 1022 2239 et
1036 2185 1086 2242 boc
1100 2189 1170 2257 quod
1193 2189 1326 2258 apparuit,
1345 2189 1473 2243 columne
1496 2189 1580 2257 ignem
1604 2188 1721 2258 speciem
1741 2188 1787 2242 bn·

994 2253 1085 2313 buisse
1093 2257 1260 2313 manilesruru
1271 2271 1322 2324 esr.
1331 2258 1477 2327 Utrumque
1489 2269 1578 2313 autern
1588 2259 1692 2326 signum
1703 2259 1784 2314 etiam

993 2324 1142 2383 larnrnome
1165 2329 1371 2385 consistentibus
1393 2329 1517 2383 iratribus
1537 2329 1681 2384 revelatum
1703 2329 1784 2385 luisse

994 2400 1188 2466 cognoscimus.
1205 2399 1269 2454 Nam
1284 2409 1311 2454 et
1334 2400 1448 2469 pluviam
1472 2399 1558 2454 mellis
1580 2398 1667 2463 multi,
1688 2399 1785 2467 quibus

994 2467 1146 2524 intellectus
1166 2471 1316 2540 requirendi
1337 2478 1365 2524 et
1378 2480 1518 2540 pergustus
1531 2469 1692 2538 agnoscendi
1705 2470 1784 2524 datus

994 2548 1047 2605 est,
1062 2540 1208 2607 probavere
1222 2559 1229 2595 r
1244 2550 1272 2594 et
1283 2541 1407 2595 columns
1421 2539 1602 2594 carrdirlissirni
1619 2539 1690 2594 illius
1704 2539 1784 2594 lurni-

994 2609 1037 2664 uis
1049 2611 1203 2674 multorum,
1219 2627 1286 2680 quus
1300 2612 1393 2680 dignus
1409 2612 1534 2665 burniurrs
1545 2611 1681 2679 iudicarit,
1698 2625 1727 2665 sc
1747 2611 1785 2665 in·

993 2679 1076 2748 gessit
1094 2682 1255 2750 aspectibus.
1277 2681 1352 2737 Unde
1373 2681 1481 2751 intelligi
1501 2681 1591 2746 datur,
1612 2678 1718 2734 ludens
1736 2695 1785 2750 per

994 2750 1147 2805 universnm
1162 2752 1253 2806 orbern
1275 2752 1335 2806 lidei
1357 2753 1455 2806 lumine
1474 2750 1620 2805 visitandos
1633 2768 1639 2802 :
1654 2751 1782 2820 quonium

993 2820 1100 2888 quidem
1115 2822 1201 2885 nobis,
1216 2824 1261 2892 qni
1276 2823 1301 2876 in
1314 2824 1362 2877 bac
1377 2823 1460 2876 insula
1473 2822 1586 2891 atquein
1601 2820 1651 2875 boc
1661 2821 1782 2891 parvulo,

993 2899 1024 2944 ut
1035 2891 1071 2946 ita
1085 2891 1210 2958 dixerim,
1222 2893 1286 2947 orbe
1300 2894 1481 2956 consistimus,
1497 2901 1585 2945 tantus
1596 2890 1784 2960 coelestisgra·

994 2961 1038 3015 tiae
1052 2963 1177 3033 splendor
1190 2962 1285 3027 illuxit,
1300 2971 1328 3016 ut
1341 2962 1470 3032 usquead
1489 2973 1625 3017 extremos
1637 2961 1718 3016 ¹terras
1734 2976 1782 3017 re·

993 3040 1057 3086 strae
1068 3033 1196 3087 terminos
1207 3035 1344 3103 signorum
1355 3031 1421 3087 visin
1437 3031 1596 3102 perveniret.

1029 3104 1073 3159 lb.
1089 3103 1215 3172 Sequenti
1231 3105 1310 3173 igitur
1328 3103 1371 3158 die
1391 3117 1494 3157 summu
1507 3101 1625 3156 omnium
1640 3109 1781 3172 exspecta-

994 3173 1041 3240 tio,
1061 3185 1089 3229 ιιι
1107 3174 1264 3230 Theodorus
1277 3174 1413 3243 spousinui
1428 3188 1483 3227 sum
1502 3170 1676 3229 satisbruerer.
1689 3171 1784 3226 admo·

994 3247 1074 3302 nebat
1088 3263 1095 3298 :
1111 3248 1155 3317 qui
1169 3262 1229 3300 cunr
1239 3246 1328 3314 justis,
1341 3253 1467 3313 qrrantnru
1483 3243 1629 3306 videbatur,
1644 3242 1783 3311 allegatio·

993 3317 1071 3373 nibus
1080 3327 1235 3372 cunctorum
1247 3324 1305 3369 nour
1318 3312 1604 3375 crederetdillbrenrla,
1618 3312 1710 3366 dicens
1723 3328 1782 3365 trra-

994 3398 1097 3443 tronarn
1113 3389 1186 3457 prius
1203 3401 1294 3448 suurn,
1310 3401 1389 3455 qnam
1404 3387 1429 3439 in
1449 3382 1615 3452 blajoricensi
1631 3383 1783 3451 reliquisset

993 3460 1089 3522 insula,
1104 3461 1155 3513 buc
1176 3474 1205 3512 se
1222 3457 1290 3511 velle
1311 3455 1458 3518 deducere;
1482 3469 1515 3508 ue
1535 3454 1615 3518 lorte,
1636 3453 1657 3506 si
1681 3453 1784 3523 absque

992 3544 1123 3586 consensu
1141 3543 1190 3583 suo
1202 3529 1286 3581 rirnru
1301 3541 1378 3581 suum
1390 3539 1547 3579 conversum
1562 3523 1643 3578 luisse
1655 3524 1782 3592 agnovis-

992 3611 1042 3665 set,
1058 3601 1127 3655 sicut
1145 3599 1223 3665 solet,
1238 3596 1358 3666 pertinax
1372 3595 1482 3664 pcrlrdia
1501 3602 1587 3659 esset;
1609 3595 1782 3663 persuasione

992 3672 1086 3726 matris
1100 3670 1231 3739 precipue
1242 3682 1306 3731 sure,
1315 3682 1375 3738 quse
1389 3666 1476 3721 adbuc
1487 3676 1635 3733 supererar,
1650 3672 1678 3719 et
1689 3663 1783 3718 consi·

993 3744 1034 3797 liis
1044 3741 1205 3802 dementata,
1218 3749 1245 3794 et
1256 3752 1271 3792 a
1282 3736 1404 3807 conjugio
1415 3738 1463 3790 viri
1479 3736 1606 3805 religione
1618 3734 1779 3795 discederet.

992 3814 1060 3867 Cum
1075 3812 1131 3866 brec
1145 3809 1302 3865 Theodorus
1312 3808 1471 3862 Clrrrsliauis
1482 3806 1537 3875 jam
1550 3792 1783 3874 acquiescentibus

992 3884 1176 3954 properassem
1201 3879 1310 3944 lurlaeis,
1326 3877 1371 3948 qni
1382 3876 1504 3932 conversi
1518 3875 1634 3938 luerrrut,
1650 3875 1779 3928 acerrima

992 3955 1171 4009 commotione
1182 3951 1376 4010 resistentibus,
1391 3955 1525 4016 amputata
1536 3946 1670 4000 dilationis
1684 3959 1758 3997 mura
1770 3984 1780 4012 ,

992 4026 1025 4079 ad
1041 4024 1132 4077 matris
1150 4021 1304 4091 propinquae
1323 4018 1410 4072 sinum
1433 4018 1542 4072 lestirrus
1557 4015 1624 4083 ipse,
1641 4024 1669 4069 ιιι
1690 4015 1715 4068 ιιι
1735 4032 1784 4067 so·

992 4096 1063 4150 mnis
1073 4093 1184 4155 videret,
1196 4089 1355 4145 convolavit.
1371 4089 1433 4142 l'ost
1447 4102 1526 4155 quem
1542 4089 1639 4144 onmis.
1652 4095 1779 4152 tanquam

991 4175 1094 4222 remoto
1105 4163 1191 4223 obice,
1202 4159 1235 4215 ad
1245 4161 1383 4217 ecclesiam
1394 4172 1526 4230 synagoga
1537 4155 1674 4210 corrburit.
1685 4154 1782 4209 llirrnn

992 4238 1073 4299 dictu,
1089 4232 1227 4289 inveterati
1242 4231 1312 4286 illius
1331 4230 1396 4298 legis
1408 4231 1539 4289 doctores,
1555 4228 1613 4282 sine
1627 4227 1680 4280 ulla
1695 4226 1780 4280 alter-

992 4308 1097 4362 catione
1113 4304 1269 4367 verborum,
1281 4302 1340 4356 sine
1354 4300 1408 4354 ullo
1421 4299 1618 4368 scripturarum
1632 4297 1782 4352 certamine

991 4376 1160 4432 crediderunt
1176 4391 1183 4426 ε
1200 4380 1300 4426 ιιιιιιιιιι
1325 4369 1507 4440 percunctati,
1527 4383 1560 4422 an
1580 4367 1676 4422 vellent
1702 4367 1781 4421 tidem

992 4447 1089 4502 tlhristi
1109 4445 1261 4513 suscipere,
1281 4441 1391 4497 credere
1406 4455 1436 4496 se
1449 4441 1476 4494 in
1490 4437 1598 4494 Christo
1610 4449 1637 4492 et
1650 4437 1782 4492 Clrristia-

994 4533 1042 4572 uos
1067 4516 1124 4571 lieri
1146 4528 1244 4583 cupere
1268 4512 1469 4582 prolitebantur.
1495 4510 1609 4565 Centum
1628 4509 1734 4577 quidam
1753 4515 1782 4560 et

991 4588 1069 4652 duos,
1082 4599 1113 4641 ut
1124 4594 1262 4648 asserrnrt,
1280 4583 1365 4638 artatis
1378 4594 1457 4652 atque
1472 4580 1589 4650 perndie
1605 4593 1660 4633 sure
1678 4577 1781 4632 huhrus

991 4674 1085 4722 anuos,
1099 4658 1157 4713 sine
1171 4656 1251 4710 trium
1263 4655 1470 4709 commutatione
1483 4651 1635 4708 rerlruvum,
1650 4662 1697 4717 spe
1711 4650 1782 4699 l'ntrr·

993 4746 1030 4784 rru
1042 4731 1103 4784 vice
1116 4727 1204 4782 alacer
1215 4725 1375 4792 decrepitus,
1389 4731 1481 4793 optare
1491 4736 1520 4774 sc
1531 4728 1559 4798 ot
1573 4719 1599 4772 iu
1613 4717 1666 4773 due
1677 4729 1781 4785 tenrpo-

992 4816 1050 4855 rum
1063 4813 1171 4855 srtururn
1186 4812 1233 4866 per
1247 4796 1326 4850 sidero
1344 4792 1442 4848 Christi
1459 4792 1492 4845 ad
1508 4789 1672 4870 sprritualern
1688 4803 1780 4842 rever-

993 4880 1093 4925 teretur
1118 4867 1273 4930 inlrrmiam,
1301 4866 1431 4934 nobisque
1455 4859 1599 4930 putrefacta
1623 4874 1678 4929 qam
1704 4860 1782 4912 senis

992 4943 1165 5002 mentuunt
1182 4937 1340 5008 quantocius
1361 4949 1409 5004 per
1426 4932 1591 5002 baptismum
1605 4943 1781 5000 regenerare·

993 5021 1045 5072 tur,
1059 5013 1085 5065 in
1103 5011 1178 5065 essit.

1029 5084 1072 5137 li.
1088 5029 1207 5136 i'uerrmt
1220 5077 1327 5145 quidum
1338 5073 1434 5140 ludrci,
1448 5070 1494 5144 qui
1512 5077 1703 5143 praetereuntes
1717 5068 1781 5126 illoc

991 5153 1112 5222 appulsi,
1140 5149 1365 5218 opportunitatem
1387 5144 1514 5216 temporis
1535 5151 1615 5211 atque
1639 5150 1779 5196 ventorum

991 5222 1210 5291 aucupabantur:
1227 5217 1271 5287 qul
1287 5216 1424 5286 navigandi
1438 5228 1565 5269 concessa
1580 5213 1780 5280 opportrruiure

992 5294 1103 5349 crcdcrc
1122 5291 1282 5345 malncrmrt.
1307 5287 1372 5342 'lres
1387 5288 1466 5356 igitur
1480 5294 1581 5338 tanturn
1595 5282 1718 5347 seminas,
1732 5281 1781 5334 sed

992 5362 1170 5418 nobilissimas
1185 5359 1346 5423 induemur,
1360 5357 1394 5412 ad
1406 5357 1511 5410 virturis
1521 5370 1577 5408 sure
1589 5353 1699 5425 gloriam
1712 5351 1780 5404 dila·

992 5433 1099 5489 undum
1122 5432 1148 5485 in
1168 5431 1264 5484 durit'rc
1281 5428 1399 5499 perlidire
1417 5441 1472 5481 suut
1492 5425 1612 5482 Christus
1624 5436 1782 5493 permanere

993 5503 1184 5574 aliqmrntnlmn
1199 5516 1292 5569 passus
1306 5509 1355 5553 est.
1371 5496 1510 5552 Artemisia
1527 5494 1668 5566 siquidem,
1683 5491 1779 5546 Lecto·

992 5574 1036 5641 rii,
1051 5573 1095 5643 qui
1112 5588 1195 5640 nuper
1210 5571 1278 5626 hunc
1293 5569 1453 5638 provinciam
1468 5566 1545 5629 rexit,
1560 5573 1588 5621 et
1602 5564 1786 5641 annullantes

993 5660 1053 5702 esse
1069 5643 1176 5709 dicitur,
1191 5644 1254 5709 lilia,
1266 5640 1385 5712 curqngis
1405 5637 1502 5698 liclctii
1521 5635 1696 5694 conversione
1707 5647 1787 5689 curu·

1024 5785 1032 5815 ¹
1050 5787 1130 5845 rorte,
1144 5773 1282 5844 perfidum
