3900 6390
158 325 213 384 nst
717 318 818 376 utum
837 312 1016 372 vusstuus
1032 313 1219 372 sueonum.
1652 272 1655 278 ’
1720 311 1774 369 rer
1830 323 1840 339 ·

162 433 337 506 longitudine,
353 432 400 490 sed
411 432 446 488 de
458 444 567 488 numero
579 430 735 502 capillorum
744 429 843 484 dictum
856 426 939 481 multo
993 428 1057 497 iusti
1072 427 1131 492 viri,
1147 440 1197 480 nec
1209 431 1331 496 poterant
1343 423 1461 478 invenire
1476 421 1550 493 (Gen.
1565 437 1620 487 ιιι,
1636 422 1692 490 ff).
1707 424 1772 491 Qum

138 532 142 541 '
163 525 251 593 aptius
274 524 357 593 possit
380 523 497 593 intelligi.
521 520 596 578 Unde
614 531 643 577 ιι
661 520 724 577 aiibi
748 519 828 583 dicit,
849 517 942 588 Capilli
994 518 1134 573 stenelus
1150 515 1253 582 fuisset,
1268 532 1320 586 uua
1332 516 1405 570 litut
1427 513 1492 568 nibil
1506 514 1589 582 possit
1608 512 1703 576 videri,
1716 529 1769 569 nou

163 614 253 684 sopitis
262 615 334 667 ratri
343 615 465 669 ιιιιιιι
474 622 531 667 ιιι
541 627 626 666 oneres
637 612 645 643 ¹
658 608 732 682 (bue.
747 624 794 676 ru,
806 606 844 681 i).
852 607 942 676 lienus
994 609 1090 664 ostium
1101 623 1153 679 quo
1163 607 1374 679 ingrederentur,
1387 605 1433 662 sed
1443 604 1525 662 duces
1535 603 1661 662 itinerisa
1674 601 1772 676 quibus

163 704 216 758 boc
237 705 296 759 ideo
304 704 431 770 dixerim,
455 702 526 775 quod
546 700 644 773 aliquid
665 702 813 758 existimem
836 700 943 770 corpori
995 697 1057 754 iude
1068 697 1272 762 abducerentur,
1286 697 1448 767 inquirerent
1465 695 1515 768 (ι).

162 792 286 863 cuiquem
299 794 309 825 ¹
324 793 485 862 periturum,
502 790 572 862 quod
596 790 749 845 naturaliter
770 790 872 854 inemt3
895 788 942 843 sed
1030 789 1057 845 ι.
1073 787 1157 863 [ιι]
1177 788 1273 845 Nescio
1295 799 1349 860 quo
1374 796 1463 844 autem
1483 786 1563 844 modo
1585 787 1625 844 sie
1645 785 1775 846 afficimur

163 883 235 954 quod
249 884 366 940 defomte
377 893 467 940 netum
480 883 565 940 fuerat
576 883 641 952 (non
651 884 742 954 utique
751 883 786 938 ob
795 881 876 949 eliud,
892 882 943 936 nisi
995 894 1086 935 umore
1100 890 1245 950 martyrum
1258 879 1409 943 brutorum,
1423 885 1453 932 ut
1464 878 1579 933 velimus
1592 877 1619 932 iu
1633 877 1680 933 illo
1692 892 1775 946 regnu

164 984 195 1030 ut
209 974 270 1030 binc
282 990 386 1046 quoque
397 975 598 1041 ostenderetur,
613 990 692 1044 uttam
704 974 739 1028 sit
753 974 864 1044 poeuelis
877 989 942 1027 con·
995 971 1022 1026 in
1037 987 1129 1027 eorum
1139 971 1294 1041 corporibus
1307 969 1397 1027 ridere
1406 971 1544 1025 vulnerum
1555 970 1701 1034 cicatrices,
1716 987 1775 1039 rpus

163 1064 231 1121 ditio
246 1066 295 1120 isto
309 1065 483 1135 mortalium),
498 1066 538 1122 sic
549 1080 609 1122 esse
624 1064 782 1130 rediturum,
797 1071 826 1118 ut
839 1073 943 1118 servam
996 1078 1044 1134 pro
1055 1063 1152 1121 Christi
1168 1065 1275 1120 nomine
1296 1064 1478 1135 pertulerunt:
1494 1071 1522 1118 et
1542 1062 1655 1119 fortasse
1670 1063 1774 1118 videbi·

164 1156 318 1226 intestimo
337 1155 509 1220 fubsftbtiaes
522 1154 675 1211 deformitas
695 1161 795 1224 pereat
820 1151 847 1208 Si
871 1153 943 1206 enim
997 1170 1066 1210 mus.
1082 1154 1138 1210 Non
1151 1157 1223 1211 enirn
1238 1154 1392 1210 deformitus
1406 1157 1431 1209 in
1444 1155 1500 1219 eis,
1517 1154 1564 1211 sed
1578 1154 1693 1225 dignitas
1704 1158 1775 1217 erit,

164 1255 278 1302 statuam
294 1255 381 1315 potest
395 1245 488 1301 artifex
501 1246 599 1312 bomo,
613 1259 692 1315 quem
709 1253 817 1313 propter
829 1243 944 1311 elinvatn
996 1255 1023 1302 et
1036 1246 1171 1318 quedam,
1187 1247 1307 1317 quemuis
1326 1247 1352 1303 in
1371 1261 1562 1316 corporeum
1584 1248 1714 1318 corporis,
1729 1248 1775 1303 ted

164 1351 272 1392 musam
285 1337 430 1392 deformem
443 1336 551 1402 fecerat,
565 1335 690 1402 conflare,
702 1344 729 1390 et
739 1333 944 1404 pulcherrimam
996 1337 1100 1391 virtutis
1110 1336 1278 1407 pulchritudo
1288 1336 1405 1409 fulgebit.
1414 1336 1468 1394 Nec
1481 1337 1540 1394 ideo
1554 1345 1642 1394 temen
1654 1337 1677 1395 si
1690 1339 1776 1408 aliquo

166 1425 287 1491 reddere,
303 1427 338 1482 its
350 1437 379 1482 ut
391 1427 455 1482 nibil
471 1426 532 1483 inde
543 1425 706 1490 substantie,
721 1423 768 1480 sed
782 1422 840 1478 sola
854 1422 944 1478 defor-

132 1522 133 1526 ’
155 1515 246 1571 mites
260 1525 370 1586 nerent,
383 1530 415 1572 ac
427 1517 450 1571 si
472 1515 536 1586 quid
550 1517 576 1571 in
595 1516 639 1570 illa
659 1515 741 1585 figura
763 1513 852 1582 priore
871 1511 945 1567 inde·

155 1617 260 1684 joenter
269 1608 400 1673 etstsbat,
414 1622 462 1664 ιιι
477 1607 607 1678 parilitate
618 1606 629 1639 ⁸
642 1606 753 1677 partium
766 1603 942 1673 congruebat,

167 1688 222 1754 iton
235 1700 269 1754 de
284 1708 348 1765 toto,
362 1699 432 1755 unde
445 1699 560 1764 fecerat,
574 1709 709 1768 amputare
720 1704 800 1767 atoue
810 1710 944 1766 seperare,

158 1790 215 1845 sed
230 1791 265 1846 itu
277 1804 452 1860 conspergere
470 1787 612 1845 universo*
624 1796 703 1856 atque
717 1788 839 1855 miscere,
855 1796 884 1840 ut
896 1801 946 1841 neo

167 1878 313 1936 feditatem
325 1880 419 1946 furiat,
433 1894 482 1936 ιιι
507 1880 608 1936 minuat
627 1879 814 1950 quantitatem
830 1877 893 1948 quid
912 1876 946 1932 de

166 1973 349 2043 ournipotente
370 1970 477 2028 Artibus
497 1969 665 2026 sentiendum
685 1969 744 2024 esti
766 1969 871 2039 Ergone
892 1982 946 2022 non

168 2065 267 2134 poterit
278 2077 397 2134 quasque
409 2061 589 2117 deformitates
600 2059 774 2115 bumanorum
785 2073 945 2129 corporum,

169 2168 223 2209 ιιι
237 2153 316 2210 modo
336 2154 456 2218 usitatas,
470 2152 654 2210 verumetiam
675 2165 750 2206 roras
767 2158 847 2221 atquo
868 2165 946 2205 mon·

169 2251 282 2310 struens,
298 2257 358 2315 que
370 2242 432 2298 buic
443 2242 548 2299 misere
560 2243 620 2297 ritu
634 2249 792 2311 congruunt,
805 2240 949 2297 abhorrent

168 2342 257 2389 eutem
270 2333 304 2388 sb
318 2333 362 2388 illa
374 2332 461 2389 futuru
475 2331 600 2389 felicitate
613 2340 775 2398 sanctorum,
788 2331 828 2386 sic
842 2329 947 2385 auferre

168 2437 203 2480 sc
222 2423 343 2494 perdere,
356 2432 386 2479 ut
398 2437 578 2494 quascumque
596 2437 687 2478 earum
710 2420 826 2488 faciunt,
839 2422 888 2476 etsi
901 2437 948 2476 nu·

170 2516 275 2582 torulis,
295 2526 382 2571 tameo
397 2515 520 2574 indeoors
533 2524 701 2572 excrementa
723 2513 876 2568 substantie
886 2527 947 2568 eor-

171 2608 280 2679 porulis,
294 2607 365 2663 ιιΙΙι
375 2607 432 2678 ejus
445 2607 619 2663 diminutione
632 2604 775 2661 tollentur?

206 2700 234 2754 ι.
248 2701 287 2755 ιι
298 2714 345 2770 per
359 2698 409 2754 boc
420 2713 472 2754 ιιι
480 2706 520 2753 est
533 2697 629 2752 moeris
642 2695 815 2767 pinguibusve
827 2702 949 2749 metuen-

171 2790 246 2857 dum,
265 2807 299 2848 ιι
310 2789 346 2847 ibi
365 2791 444 2846 etiam
463 2789 528 2846 teies
542 2788 605 2856 sint,
618 2786 718 2858 quales,
731 2785 754 2841 si
766 2793 885 2856 possent,
900 2800 950 2841 ιιι

172 2883 217 2939 bic
226 2897 286 2939 esse
298 2881 453 2937 uoluissent.
464 2880 557 2937 Omnis
566 2878 639 2936 enim
651 2877 770 2946 corporis
784 2875 950 2945 pulchritudo

170 2985 212 3032 eti
225 2973 339 3044 portium
361 2971 530 3042 corrgru'entin
543 2984 602 3025 curru
621 2967 733 3037 oriudum
747 2966 844 3022 eoloris
860 2965 949 3020 suavi·

158 3074 237 3129 ,tate
248 3066 297 3123 Ubi
308 3073 459 3123 autemnon
467 3074 509 3120 est
521 3064 635 3135 partium
644 3061 825 3133 congruentia,
837 3061 950 3117 autideo

171 3157 235 3229 guid
244 3155 361 3222 offendit,
369 3157 432 3228 quia
446 3170 556 3224 pravum
570 3153 642 3220 est⁸,
654 3162 699 3207 aut
709 3151 836 3223 ideoquis
847 3165 949 3220 parum,

172 3254 219 3302 tut
228 3245 288 3302 ideo
301 3246 362 3316 quia
374 3245 494 3300 nimium.
508 3242 623 3300 Proinde
634 3241 705 3296 nulla
717 3241 767 3296 erit
780 3239 950 3307 deformitas,

171 3352 251 3411 quam
267 3336 331 3392 facit
341 3334 539 3407 incongruentia
560 3332 689 3404 partium,
706 3331 749 3386 ubi
759 3338 786 3385 ιι
798 3345 857 3402 ιιι
871 3344 950 3401 prave

171 3438 235 3488 sunt
254 3429 437 3500 corrigentur;
461 3434 489 3482 et
501 3425 572 3497 quod
596 3425 683 3480 ovinus
705 3433 747 3479 est
765 3438 844 3495 quam
862 3422 948 3490 decet,

171 3519 244 3577 uude
252 3515 363 3575 Creator
380 3516 463 3583 novit,
484 3515 547 3572 inde
568 3513 748 3586 supplebitur,
762 3522 790 3569 ιι
803 3513 872 3583 quod
893 3512 951 3582 plus

171 3618 214 3666 est
225 3624 304 3680 quam
317 3607 404 3676 decet,
417 3607 536 3662 mtteriae
556 3615 660 3661 servate
681 3604 847 3673 integritate,
861 3602 951 3657 detra-

172 3700 259 3756 betor.
272 3698 377 3755 Coboris
399 3711 480 3769 porro
500 3696 615 3752 suavitas
639 3705 736 3767 quantu
751 3694 812 3760 erit,
831 3693 875 3749 ubi
887 3693 950 3762 justi

172 3789 468 3862 irrigebuntsicutsolin
478 3786 699 3860 regnoPstrissui
710 3783 952 3856 (liutbertulbti

173 3884 238 3952 Quae
249 3875 356 3939 claritas
374 3881 401 3937 iu
414 3879 513 3937 cbristi
526 3892 656 3951 corpore,
669 3892 729 3933 curn
741 3875 903 3940 resurrexit,
918 3876 953 3931 eb

173 3975 258 4030 oeulis
277 3972 466 4045 discipulorum
486 3972 573 4043 potius
585 3968 738 4025 abscondita
760 3966 858 4035 fuisse,
874 3981 951 4038 quum

174 4063 290 4120 defuisse
299 4061 430 4119 credendo
440 4069 489 4118 est.
500 4059 558 4116 Non
575 4058 646 4116 enirn
658 4072 716 4114 earn
733 4056 813 4113 ferret
824 4058 954 4112 humanus

174 4165 253 4226 utque
267 4154 388 4209 infirmus
409 4148 672 4222 aspectus,'quando
690 4149 758 4203 illes
778 4147 834 4202 suis
856 4146 892 4201 ita
904 4145 953 4202 de·

176 4246 250 4300 beret
262 4241 372 4307 uttendi,
386 4252 414 4297 ut
425 4250 514 4312 posset
525 4240 642 4311 agnosci.
655 4239 713 4309 (ιιι
725 4238 850 4308 pertinuit
861 4238 952 4305 etiuur,

176 4345 205 4390 ut
219 4332 442 4389 eorrueetantibus
451 4329 604 4387 ostenderet
614 4343 722 4384 suorum
735 4329 873 4382 uulnerum
886 4327 955 4382 cicu-

175 4426 273 4490 triees;
286 4431 317 4478 ut
328 4422 407 4478 etiem
423 4421 511 4477 cibum
534 4429 677 4491 potumque
690 4427 825 4481 sumeret,
839 4431 892 4471 non
904 4416 954 4471 ali·

175 4525 325 4572 tttetrtorottt
337 4512 498 4583 indigentie,
513 4511 560 4566 sed
573 4524 604 4565 ea
617 4522 668 4579 uua
683 4517 710 4563 et
729 4508 779 4562 boc
791 4514 894 4576 poterut
908 4519 955 4576 po-

176 4612 281 4661 testate.
298 4601 365 4657 Cum
379 4612 467 4657 eutem
489 4598 589 4670 aliquid
612 4612 666 4654 non
690 4596 812 4662 videtur,
835 4597 954 4664 quamvis

177 4693 391 4766 adsittquibus
409 4692 471 4761 elia,
493 4705 552 4762 qum
575 4688 674 4760 pariter
691 4688 798 4753 adsunt,
823 4685 953 4752 videntur,

178 4787 247 4842 sicut
267 4785 340 4840 illam
353 4783 502 4840 cleritatem
522 4780 635 4837 dicimus
651 4777 766 4833 adfuisse
786 4790 837 4831 non
856 4776 954 4840 visam,

177 4894 192 4934 t
217 4877 313 4949 quibus
336 4876 387 4933 alie
412 4874 586 4940 ridebuntur,
611 4873 713 4941 demes
730 4882 817 4939 grece
841 4865 954 4924 dicitur:

177 4970 248 5042 quod
261 4968 346 5024 nostri
368 4969 527 5038 interpretes
548 4962 629 5018 latine
640 4960 729 5016 dicere
749 4973 800 5014 non
820 4957 953 5021 volentes,

178 5063 205 5118 iu
219 5061 288 5117 libro
301 5056 436 5116 Geneseoi
447 5056 592 5113 cecitatem
612 5051 775 5121 interpretati
789 5057 861 5104 sunt.
883 5047 958 5104 bunc

178 5153 249 5209 enim
261 5149 333 5222 passi
343 5157 405 5203 sunt
417 5146 572 5212 sodomitae,
582 5141 688 5214 quando
694 5139 848 5212 querebant
859 5138 957 5193 ostium

210 5348 219 5380 ¹
236 5355 295 5403 vox,
307 5354 395 5401 mutes,
403 5341 473 5391 abest
484 5352 497 5389 a
508 5339 674 5402 manuscriptis
681 5335 743 5389 etab
751 5333 821 5386 edim
827 5330 896 5384 vluti.
905 5338 956 5382 tu.
1026 5333 1033 5381 l

209 5412 324 5457 ¹oorrtes
334 5411 397 5464 tiss..
408 5401 500 5474 cuique.
516 5459 539 5472 η
576 5458 582 5470 ,

210 5461 592 5524 v

209 5592 220 5623 ⁸
236 5537 372 5650 iiinliquot
383 5558 445 5634 ursus
454 5592 481 5633 tt
493 5583 559 5639 editi,
582 5580 643 5638 loco,
656 5591 764 5642 murum,
777 5577 879 5634 babent,
899 5585 958 5637 por·

179 5663 255 5722 mtm':
268 5657 426 5719 preterquam
437 5646 499 5708 quud
513 5657 543 5693 ex
557 5641 603 5691 illis
612 5643 669 5703 duo,
688 5647 725 5689 br.
736 5646 824 5691 ettov.
836 5637 957 5698 omiuuut,

180 5720 222 5766 ιιι
236 5712 290 5764 ιιιι
299 5722 355 5775 qma
365 5720 459 5774 pirent.

997 1428 1154 1499 martyribus
1175 1437 1309 1497 amputata
1330 1437 1357 1483 et
1376 1430 1462 1483 ablata
1484 1436 1547 1483 sunt
1567 1428 1685 1484 membra
1698 1470 1706 1494 ,
1718 1429 1778 1483 sinc

997 1518 1062 1589 ipsis
1082 1520 1209 1575 membris
1223 1530 1302 1575 eruut
1322 1521 1348 1574 in
1375 1521 1568 1576 resurrectione
1590 1531 1776 1586 mortuorum,

996 1610 1093 1680 qulbus
1105 1609 1204 1664 dictum
1219 1618 1269 1676 est,
1290 1608 1404 1679 Capillus
1415 1611 1505 1679 cupitis
1521 1611 1595 1665 uestri
1606 1628 1657 1665 non
1677 1611 1776 1682 peribit.

998 1699 1050 1754 Sed
1071 1699 1094 1754 si
1115 1698 1165 1754 boc
1187 1699 1292 1755 decebit
1305 1699 1332 1754 iu
1357 1700 1402 1755 illo
1416 1715 1485 1755 noro
1506 1700 1657 1765 seruiunt
1680 1700 1777 1756 indicio

998 1788 1174 1860 gloriosorum
1194 1789 1332 1844 vulnerum
1351 1790 1377 1845 in
1393 1790 1439 1845 illa
1454 1790 1595 1844 immortali
1613 1804 1692 1846 carue
1716 1804 1777 1845 rer·

998 1888 1104 1946 uantur,
1118 1880 1163 1934 ubi
1176 1879 1294 1934 membra
1305 1921 1312 1946 ,
1324 1889 1353 1935 ut
1365 1879 1587 1949 preciderentor,
1600 1893 1722 1948 percussa
1736 1881 1778 1935 rei

998 1981 1071 2026 scete
1083 1978 1155 2037 sunt,
1168 1970 1205 2026 ibi
1217 1970 1363 2036 cicatrires,
1376 1970 1424 2026 sed
1438 1979 1525 2027 tamen
1537 1970 1637 2026 eisdem
1651 1970 1780 2029 membris

999 2060 1118 2130 redditis,
1139 2077 1193 2118 ιιι
1211 2062 1331 2131 perditis,
1353 2062 1526 2133 apparebunt.
1544 2061 1673 2131 Quamuis
1690 2062 1779 2132 itaque

998 2152 1087 2208 omnia
1100 2147 1160 2222 quiec
1172 2153 1325 2208 aeciderunt
1335 2153 1440 2222 corpori
1453 2153 1525 2217 vitiu,
1541 2163 1604 2208 tunc
1616 2168 1669 2207 non
1683 2161 1776 2214 erunt:

1000 2259 1053 2300 non
1067 2253 1129 2299 suut
1143 2253 1229 2299 umen
1248 2243 1400 2313 deputanda
1415 2244 1459 2300 rel
1480 2243 1637 2315 appellunde
1651 2244 1713 2300 vitia
1727 2244 1781 2299 vir·

1000 2335 1062 2389 tutis
1084 2333 1191 2388 iudicia.

999 2488 1111 2546 curbo
1125 2489 1184 2546 XX.
1198 2520 1233 2531 —
1246 2489 1319 2555 Quod
1333 2490 1360 2544 in
1378 2490 1556 2545 rerurrectione
1568 2497 1721 2545 mortuorum
1734 2505 1781 2542 ιι-

1035 2592 1092 2637 tura
1105 2599 1238 2653 corporum
1251 2582 1401 2649 quibuslibet
1417 2582 1498 2637 crodit
1513 2582 1691 2653 dissipatorum
1702 2581 1729 2636 itt
1741 2582 1782 2636 itt·

1035 2685 1132 2747 tegruno
1143 2677 1315 2747 undecumque
1324 2673 1464 2730 retroeundo
1476 2674 1519 2730 tit.

1037 2829 1062 2883 i.
1078 2825 1153 2882 Absit
1162 2836 1251 2882 autem
1265 2835 1294 2882 ut
1305 2826 1339 2882 ad
1352 2825 1531 2882 resuscitanda
1545 2840 1655 2896 corpora
1668 2825 1782 2896 rituque

1001 2915 1135 2976 reddenda
1150 2931 1203 2971 non
1226 2915 1310 2986 possit
1325 2917 1517 2982 ournipotentin
1536 2915 1669 2969 creatoris
1692 2917 1783 2970 onrnio

1001 3025 1141 3077 revocare,
1151 3023 1212 3080 que
1225 3007 1267 3062 vel
1280 3008 1380 3072 bestiae,
1396 3008 1439 3062 vei
1450 3007 1517 3077 ignis
1529 3006 1685 3077 absumpsit,
1699 3007 1741 3061 vel
1756 3009 1782 3062 iu

1003 3103 1138 3174 pulverem
1152 3101 1305 3158 cineremve
1318 3099 1475 3167 collapsum,
1491 3096 1532 3152 vel
1550 3097 1577 3152 iu
1588 3096 1723 3152 humorem
1739 3112 1785 3151 so·

1003 3195 1147 3262 lutom,vel
1160 3194 1273 3250 inaures
1283 3190 1491 3248 esterbalstum.
1504 3189 1581 3245 toste
1590 3188 1699 3246 utsinus
1710 3188 1784 3245 ullus
1858 3222 1860 3226 ι

1001 3294 1185 3356 secretumque
1205 3293 1307 3340 nature
1320 3282 1356 3337 ita
1370 3281 1480 3351 recipiat
1497 3279 1597 3351 aliquid
1619 3277 1782 3335 subtractum

1002 3378 1124 3434 sensibus
1143 3377 1251 3444 nostris,
1271 3384 1301 3431 ut
1313 3373 1431 3430 omniurn
1444 3372 1577 3429 creatoris
1590 3380 1636 3428 eut
1647 3373 1727 3427 lateat
1738 3386 1784 3427 co-

1001 3469 1159 3540 gnitionem,
1177 3477 1223 3522 eut
1239 3466 1345 3539 effugiat
1366 3474 1533 3544 potestatem.
1547 3463 1630 3519 lieum
1646 3472 1720 3519 certe
1734 3478 1784 3517 vo-

1003 3560 1071 3627 leus,
1090 3560 1156 3615 sicut
1176 3568 1293 3632 poterut,
1310 3558 1421 3615 definire
1435 3557 1528 3613 Cicero
1541 3564 1629 3611 tantrrs
1639 3565 1731 3611 auctor
1744 3554 1785 3626 fp-

1002 3668 1113 3723 sorum,
1146 3650 1220 3708 ben
1241 3651 1357 3723 querum
1372 3691 1380 3717 ,
1395 3648 1495 3721 iuquit,
1510 3657 1547 3704 eut
1560 3648 1643 3703 solutu
1662 3656 1685 3702 et
1696 3646 1784 3714 libero,

1002 3754 1098 3802 ιιιιιιι
1117 3743 1148 3799 ub
1166 3743 1234 3798 omni
1264 3743 1418 3797 concredens
1427 3739 1536 3805 mortali,
1550 3740 1635 3794 omniu
1645 3736 1786 3794 oentbsuret

1003 3853 1112 3905 mrem,
1124 3836 1228 3905 ipsoque
1240 3834 1345 3904 predita
1355 3842 1423 3888 motu
1434 3831 1583 3903 sempiterno
1595 3830 1605 3904 (
1619 3829 1721 3885 Turrut
1739 3828 1784 3886 tit.

1004 3928 1038 3994 i,
1060 3943 1118 3998 cop.
1141 3925 1199 3997 it).
1214 3925 1271 3981 ιιι
1293 3934 1381 3979 autern
1406 3923 1507 3993 reperit
1533 3922 1561 3977 in
1583 3920 1712 3976 doctrinis
1729 3936 1788 3975 ma·

1004 4032 1116 4091 gnorum
1136 4015 1366 4088 pbilosophorum.
1391 4011 1426 4068 Ut
1448 4011 1528 4084 igitur
1545 4009 1691 4066 secundum
1714 4009 1787 4079 ipsos

1004 4114 1114 4186 loquar,
1128 4110 1261 4182 quomodo
1274 4107 1372 4179 aliquid
1386 4106 1428 4162 vel
1437 4105 1502 4160 fetet
1513 4104 1600 4160 omnia
1614 4103 1784 4166 tendentem,

1004 4207 1047 4264 vel
1067 4204 1273 4261 irrevocabiliter
1286 4200 1350 4272 fugit
1363 4199 1451 4254 omnia
1463 4195 1632 4253 moventem?

1039 4298 1066 4353 2.
1082 4296 1158 4354 Unde
1167 4295 1221 4366 lam
1234 4294 1313 4348 etium
1333 4289 1445 4361 uuaestio
1457 4288 1501 4342 illu
1514 4284 1641 4343 solvende
1654 4294 1712 4352 cst,
1726 4300 1788 4356 qum
1883 4339 1889 4355 ,

1005 4387 1140 4446 dildeilior
1160 4384 1264 4438 videtur
1283 4380 1408 4437 ceteris:
1434 4377 1477 4432 ubi
1492 4376 1630 4447 quaeritur,
1650 4390 1710 4431 curn
1725 4390 1789 4430 curo

1006 4478 1105 4537 mortui
1122 4474 1239 4531 bominis
1258 4471 1337 4527 etism
1354 4468 1463 4524 alterius
1477 4465 1508 4521 fit
1521 4465 1634 4522 virentis
1652 4478 1727 4530 curo,
1745 4465 1787 4518 cui

1006 4569 1095 4643 potius
1118 4579 1211 4622 eorum
1235 4563 1262 4619 in
1287 4560 1482 4617 resurrectione
1505 4556 1641 4612 reddetur.
1667 4553 1696 4608 Si
1716 4553 1789 4607 enim

1007 4658 1137 4732 qrrispiam
1157 4653 1296 4710 confectus
1310 4650 1379 4706 fame
1399 4657 1478 4719 etque
1491 4643 1645 4716 compulsus
1666 4650 1790 4696 rescstrrr

1008 4748 1183 4808 cadaveribus
1194 4744 1330 4801 bominum
1341 4783 1349 4806 ,
1362 4739 1431 4808 nrrod
1447 4736 1545 4792 malum
1564 4732 1706 4803 aliquoties
1719 4732 1790 4786 acei-

1007 4844 1093 4908 disse,
1106 4851 1134 4897 ct
1146 4849 1224 4895 vetos
1235 4843 1346 4891 testatur
1369 4828 1496 4893 historia,
1510 4836 1538 4882 et
1550 4836 1700 4881 nostrorum
1719 4832 1789 4878 torn·

1008 4948 1102 5003 porum
1129 4927 1244 4984 infelicia
1267 4921 1448 4991 experimento
1472 4916 1620 4970 docuerunt
1642 4912 1697 4986 (b);
1723 4927 1788 4966 nurn

1009 5024 1146 5093 quisquam
1159 5015 1273 5072 veridim
1287 5012 1390 5068 ratione
1400 5005 1552 5068 outttendet,
1564 5014 1647 5060 tutum
1657 5002 1790 5073 digestum

1042 5195 1068 5256 (ι
1093 5190 1158 5242 tuuf.
1169 5193 1258 5249 uuest.
1270 5187 1294 5235 lu
1304 5190 1363 5232 Gen.
1375 5185 1461 5252 quusi.
1474 5175 1513 5226 ts.

1041 5257 1065 5320 (b
1092 5254 1180 5303 indicet
1197 5250 1298 5320 fortusse
1308 5244 1384 5294 dirum
1403 5238 1468 5290 ullum
1482 5239 1587 5294 famem,
1603 5246 1658 5298 ιιι
1670 5241 1792 5309 'sonuum

1009 5317 1142 5380 opressit,
1153 5313 1210 5362 dum
1220 5308 1390 5377 obsiderentur
1401 5303 1431 5352 ab
1440 5297 1615 5371 tinnibulatos
1624 5296 1710 5345 cltrrsb
1721 5296 1789 5357 titii),

1009 5379 1041 5429 de
1068 5389 1098 5426 ua
1107 5383 1249 5425 sozomenus
1257 5371 1281 5418 iu
1292 5369 1391 5415 tiistoma
1403 5360 1581 5433 eoefesrsstroe,
1602 5355 1644 5428 ¹¹¹³:
1656 5357 1680 5416 b,
1690 5370 1743 5417 esp.
1756 5359 1771 5405 ιι
1785 5371 1790 5382 ·

1010 5393 1212 5498 ettiieronymus,
1224 5427 1324 5493 Epistola
1337 5427 1380 5483 itt,
1392 5424 1422 5474 ad
1431 5430 1569 5482 i‘rtnctptbm
1580 5419 1698 5481 virginem
1711 5431 1717 5465 :
1733 5434 1744 5462 s
1759 5393 1792 5466 tui

1014 5497 1151 5551 «nefandos
1159 5496 1227 5566 cilum
1236 5490 1316 5553 erupit
1324 5484 1483 5538 esurientium
1493 5481 1588 5554 rabies,
1601 5486 1628 5528 et
1638 5490 1681 5527 suu
1691 5477 1793 5549 inuicem

1015 5567 1142 5610 «inienuus
1154 5558 1280 5611 brutarum,
1299 5554 1356 5599 durn
1372 5556 1448 5596 rruuter
1460 5555 1508 5592 ιιι
1550 5539 1701 5590 rutbeenu
1717 5538 1793 5586 toluti-

1015 5625 1064 5685 «ti,
1078 5628 1104 5672 ot
1120 5632 1165 5672 suo
1182 5614 1268 5678 recipit
1287 5620 1365 5673 utero,
1383 5621 1457 5673 quem
1472 5614 1546 5668 pauo
1565 5598 1790 5719 affligem,
1839 5625 1845 5644 ,
