3900 6390
83 270 118 338 lib
753 275 851 332 ttueu
871 273 1057 331 SECUNDUS.
1683 298 1719 356 ω

84 399 228 469 pluresque
251 398 322 453 uitiis
342 396 409 452 male
430 393 625 451 blandientibus
644 397 722 464 qttam
744 393 799 448 utili
822 393 875 446 nir·

85 500 171 546 tutum
193 490 329 560 asperitati
339 501 401 545 suut
422 490 562 544 amiciores
574 490 613 561 (u)
628 505 635 554 ;
651 488 765 542 tolerare
778 486 875 542 Christi

84 581 178 636 tomuli
199 581 345 649 jubentur,
372 581 429 636 sire
456 581 509 637 siut
530 595 625 649 repes,
650 579 707 634 sire
730 578 874 648 principes,

83 672 143 726 sire
159 670 285 741 judices,
309 672 366 726 sire
387 671 504 738 milites,
527 671 584 727 siue
604 669 798 741 provinciales,
820 670 876 723 sire

78 761 204 828 ·utrttes,
237 762 294 818 sire
328 777 477 833 pauperes,
509 763 566 818 sire
590 762 681 826 liberi,
715 762 773 817 sire
804 761 875 816 serui

84 853 239 908 utriuslibet
261 866 362 919 maus,
384 854 525 922 pessimam
547 855 638 918 etiarn,
663 852 742 908 siha
766 866 875 908 necesse

83 953 146 1009 est,
161 943 450 1015 llsqihosissimamque
461 947 650 1015 rempublicam
662 964 670 1010 ;
682 956 709 1002 et
719 947 744 1000 iu
758 947 803 1002 illa
822 949 876 1000 dn·

83 1035 205 1106 pelorum
217 1035 333 1106 quadam
343 1037 508 1092 secretissima
517 1037 789 1108 anpueaugustissinta
801 1038 874 1092 curia

83 1128 241 1199 coelestique
259 1127 413 1198 republica,
430 1129 473 1185 ubi
492 1129 537 1185 bei
550 1130 671 1185 voluutas
690 1130 800 1196 lexest,
817 1129 875 1186 cla·

83 1220 221 1276 tissimum
231 1219 281 1276 sibi
293 1220 380 1275 locutu
393 1222 473 1274 etiam
486 1219 535 1276 ista
549 1220 688 1277 tolerantia
703 1235 869 1292 comparare.

83 1329 200 1386 CAPUT
209 1330 307 1386 xt-
316 1330 391 1399 Quali
402 1330 478 1385 uelint
490 1332 607 1402 felicitate
620 1331 736 1402 pondere,
751 1339 775 1386 et
785 1332 875 1402 quibua

122 1425 325 1490 rriuubuariurrr,
334 1425 378 1495 qni
387 1425 650 1496 ternpurochriatiunoe
659 1425 787 1494 rciipiouia
803 1425 874 1477 incrt-

119 1526 186 1573 suttt.

122 1609 220 1665 h'erutn
235 1609 300 1664 tales
311 1609 426 1664 cultures
441 1616 470 1663 et
479 1607 619 1664 dilectores
629 1608 739 1663 deorum
750 1608 872 1673 istorum,

85 1717 199 1768 quorum
224 1702 303 1758 etiam
325 1702 472 1757 imitatores
491 1703 517 1770 iu
532 1701 685 1775 sceleribus
718 1709 746 1756 et
768 1700 873 1772 flagitiis

84 1806 114 1850 se
145 1808 206 1848 esse
236 1792 377 1858 letantur,
407 1793 480 1848 nullo
505 1793 584 1848 modu
608 1802 703 1848 curant
729 1793 873 1864 pessimam

84 1900 116 1940 ac
137 1884 370 1956 flagitiosissimam
393 1901 445 1941 nou
465 1901 526 1940 esse
540 1885 742 1954 rempublicam.
756 1885 872 1941 ‘larrtnm

85 1989 157 2046 stet,
184 1980 322 2049 inquiunt,
346 1988 448 2034 hunum
476 1979 570 2035 horeat
592 1978 676 2050 copiis
696 1980 812 2044 referta,
833 1980 872 2034 ni·

89 2070 184 2125 ctoriis
197 2069 329 2140 pluriosa;
349 2070 410 2136 rel,
431 2069 501 2141 quud
516 2079 556 2125 cst
572 2068 689 2134 felicius.
703 2083 768 2141 pace
778 2084 871 2125 secura

82 2160 126 2214 sit.
151 2158 187 2214 Et
208 2158 271 2230 quid
291 2157 329 2212 'ad
350 2159 421 2214 nos?
444 2159 499 2214 imo
520 2159 545 2214 id
571 2159 603 2214 ad
630 2173 679 2215 nos
704 2160 788 2231 irrepis
808 2174 870 2230 per·

83 2252 167 2316 tinet,
196 2253 219 2307 si
252 2250 357 2306 diritius
389 2253 503 2324 quisque
532 2265 637 2325 semper
674 2262 783 2324 augeat,
812 2267 871 2323 quaa

82 2341 244 2412 quotidianis
267 2339 443 2397 effusionibus
465 2350 623 2411 suppetant,
655 2358 703 2413 per
732 2357 798 2414 quas
820 2343 870 2398 sibi

80 2433 161 2488 etiam
185 2433 346 2489 intirmiores
369 2432 465 2487 subdat
483 2434 596 2503 quisque
624 2434 764 2504 potentior.
784 2433 869 2489 Obse-

80 2532 196 2594 quantur
220 2522 345 2577 divitibus
358 2537 488 2593 pauperes
513 2537 594 2578 causa
609 2524 774 2588 saturitatis;
790 2533 869 2594 atque

80 2628 110 2668 nt
122 2629 215 2669 corum
238 2614 394 2684 patrociniis
414 2614 501 2685 quieta
519 2615 611 2670 inertia
624 2616 795 2685 pertruantur
807 2656 815 2682 ,
826 2615 868 2670 di·

79 2705 147 2760 nites
176 2703 336 2776 pauperibus
364 2704 397 2759 ad
422 2705 560 2762 clientelas
582 2713 610 2760 et
632 2704 666 2761 ad
692 2707 868 2761 ministerium

78 2797 119 2851 sui
139 2794 223 2851 lastuu
239 2795 391 2851 abutantur.
407 2796 501 2867 Populi
522 2796 665 2868 plaudant,
689 2812 742 2852 non
760 2799 869 2854 cousul-

80 2888 180 2943 toribus
205 2888 349 2943 utilitatum
373 2902 501 2954 suarutn,
528 2889 574 2944 sed
589 2887 759 2959 largitoribus
773 2890 867 2961 volup-

79 2989 173 3036 tatum.
205 2978 262 3034 Nou
296 2979 440 3050 jubeantur
473 2978 559 3045 dura,
592 2994 646 3035 nun
677 2980 869 3051 prohibeantur

78 3071 192 3140 impura.
210 3069 296 3141 llcges
317 3085 370 3125 nou
394 3081 489 3126 curent
510 3086 589 3142 quana
612 3071 702 3140 bunis,
725 3073 773 3129 sed
786 3090 866 3145 quam

77 3160 191 3216 subditis
212 3168 334 3231 regnent.
356 3160 503 3216 Provinciae
525 3163 632 3234 regibus
663 3178 715 3218 uon
741 3175 866 3236 unquam

76 3250 226 3306 rectoribus
235 3265 348 3317 morum,
363 3251 409 3306 sed
423 3261 545 3323 tanquam
557 3269 645 3309 rerum
658 3253 868 3313 dominatoribus

77 3352 103 3396 ct
117 3341 272 3397 deliciarum
294 3356 403 3398 suarum
435 3344 617 3414 provisoribus
638 3345 777 3413 serriaut;
806 3362 867 3403 eos-

77 3449 128 3504 que
165 3448 218 3489 uun
256 3433 396 3490 sinceriter
422 3434 570 3503 honorent,
596 3435 644 3491 sod
683 3437 806 3507 nequiter
833 3453 868 3495 ac

77 3527 210 3582 scri-iliter
231 3527 351 3583 timeant.
373 3527 442 3597 Quid
464 3529 558 3585 alienae
577 3528 645 3585 riti²
670 3533 758 3601 potius
786 3547 865 3604 quam

76 3616 139 3686 qnid
162 3630 217 3671 suae
229 3617 290 3672 vitae
307 3618 420 3689 quisque
440 3630 552 3687 noceat,
577 3620 680 3691 iegibus
701 3621 865 3679 advertatur.

76 3708 171 3765 Nullus
202 3709 314 3766 dumtur
339 3711 372 3766 ad
405 3711 518 3781 judices,
542 3714 592 3769 nisi
615 3714 661 3785 qni
686 3715 780 3770 alienos
801 3717 865 3783 rel,

76 3798 184 3866 domui,
213 3799 316 3867 saluti,
346 3801 389 3856 rel
412 3803 535 3872 cuiquam
559 3803 643 3858 inrito
663 3803 742 3860 interit
769 3805 866 3875 impor-

76 3899 175 3959 tunus,
198 3901 244 3948 aut
259 3892 352 3948 noxius
371 3911 379 3947 a
393 3902 517 3949 caeterum
532 3894 566 3950 de
579 3896 651 3963 suis,
665 3895 707 3952 rel
719 3911 780 3952 curu
793 3898 864 3964 suis,

78 3984 119 4040 rel
144 3998 205 4039 curn
220 3984 368 4055 quibusque
387 3985 539 4040 colentibus
560 3986 639 4040 iaciat
661 3989 774 4060 quisque
794 3991 866 4061 quod

78 4075 152 4132 libet.
168 4075 310 4131 hbuudeut
329 4076 432 4147 publica
446 4087 552 4142 scorta,
584 4077 626 4132 rel
641 4089 750 4150 propter
772 4096 866 4137 ornnes

77 4170 174 4240 quibus
191 4168 242 4224 lrui
263 4169 410 4237 placuerit,
424 4171 467 4224 rel
482 4179 590 4239 propter
602 4183 650 4224 eos
663 4171 798 4239 maxime,
820 4175 865 4244 qui

78 4261 179 4332 priuata
193 4260 291 4316 babere
304 4276 356 4315 non
377 4270 496 4330 ροεευιιι.
509 4261 685 4317 Exstruantur
695 4264 866 4333 amplissimae

77 4361 156 4424 atque
169 4353 345 4408 umatissimae
359 4352 470 4421 domus,
484 4354 591 4424 opipara
604 4355 725 4411 convivia
740 4356 865 4428 hequen-

80 4458 190 4513 tcntur;
204 4447 249 4501 ubi
262 4447 358 4517 cuique
373 4446 479 4501 libuerit
492 4457 519 4502 et
531 4448 662 4518 potnerit,
678 4448 723 4505 die
734 4461 866 4521 noctuque

78 4541 202 4606 ludatur,
224 4538 346 4606 bibatur,
367 4549 507 4602 vomatur,
530 4538 676 4595 ditlluatur.
704 4541 866 4599 saltationes

78 4633 196 4700 trrrdlque
217 4638 398 4700 concrepent,
421 4629 522 4684 theatra
545 4631 693 4687 trinouesrae
706 4632 803 4688 laetitiae
817 4644 866 4689 ru·

77 4726 152 4780 cibus
167 4733 247 4795 atque
257 4723 328 4778 omrai
349 4737 448 4794 genere
462 4722 518 4778 sire
531 4723 722 4779 crudelissimae
736 4725 793 4780 sire
808 4734 865 4780 tur·

77 4821 195 4891 pissime
228 4816 371 4889 uoluptatis
406 4826 563 4872 exaestuent.
597 4816 644 4873 ille
679 4816 714 4873 slt
743 4817 866 4890 publicus

78 4911 218 4976 inimicus,
244 4909 287 4965 eui
304 4908 361 4964 hec
383 4907 495 4963 felicitas
509 4906 646 4978 displicet;
671 4909 792 4981 quisquis
806 4916 864 4966 earu

78 5012 180 5058 mittare
194 5000 235 5057 nel
250 5000 355 5056 auterre
374 4999 534 5065 retruserit,
550 5016 611 5055 eum
627 4999 708 5057 libera
724 5001 866 5056 multitudo

80 5103 186 5149 auertat
208 5091 243 5147 ab
264 5092 393 5158 auribus,
416 5100 518 5147 evortat
539 5091 693 5159 asedlbus,
721 5093 825 5149 aulcrat
848 5109 865 5150 a

79 5185 237 5241 circutibus.
254 5183 292 5238 llli
307 5183 454 5240 habeantur
476 5184 518 5239 dii·
540 5183 594 5240 veri
607 5225 615 5250 ,
630 5185 685 5255 ¹qui
700 5185 768 5241 harre
779 5184 863 5255 adipi·

77 5275 201 5330 secandam
218 5274 322 5344 pupulis
336 5275 554 5345 procurat-erint,
576 5275 751 5347 adeptamque
772 5291 864 5333 serna-

106 5392 116 5426 ¹
134 5388 230 5454 aliquot
249 5395 314 5448 uss,
325 5388 387 5440 nite.
399 5391 466 5440 vind.
484 5398 533 5440 tm.
545 5396 582 5441 tr.
595 5397 649 5441 tot.
660 5425 668 5451 ,
679 5391 762 5442 nnete
778 5418 808 5428 -
829 5392 866 5441 sic

76 5450 314 5503 ettamunstrloodd.
347 5455 375 5500 u.

106 5513 244 5625 (αῆιΑΙΙιιάἰι
256 5514 286 5563 ad
297 5513 358 5585 duas
369 5512 421 5562 illas
430 5515 526 5564 orantis
537 5521 563 5566 et
573 5515 624 5564 titii
632 5517 692 5572 atas,
709 5527 769 5578 quas
780 5515 864 5564 ttesio-

74 5575 120 5626 ‹lus
155 5578 201 5626 trit
211 5578 234 5626 iu
245 5576 363 5638 operibus
379 5582 405 5624 et
420 5577 518 5634 hiebus,
530 5589 595 5626 cers.
607 5576 654 5625 ltss
664 5589 733 5640 seqq.
747 5584 772 5626 et
787 5577 865 5626 modi·

76 5650 118 5686 tus
130 5638 193 5700 apud
206 5637 398 5696 teuootontem,
411 5635 454 5685 lib.
466 5637 481 5684 Ξ
491 5637 687 5698 Memorabilium,
700 5649 752 5701 cap.
764 5637 787 5687 2.
798 5638 864 5688 ttnde

75 5701 168 5756 cumo,
179 5699 311 5749 uuenmm
324 5698 365 5748 hb.
378 5700 399 5759 t,
411 5710 463 5761 capi.
476 5697 514 5746 δι’.

931 391 1026 444 veriru.
1039 391 1171 447 Celantur
1182 403 1209 448 ut
1224 394 1364 462 currerint,
1381 399 1456 456 ludus
1468 416 1614 473 exposcam
1627 411 1719 479 quales

930 482 1081 548 nutrierint,
1103 497 1171 552 quos
1193 500 1252 540 curu
1267 489 1323 542 suis
1333 490 1376 545 vel
1389 489 1423 547 de
1435 494 1490 547 suis
1504 497 1607 563 possint
1621 497 1719 559 ltabera

929 570 1101 626 cultoribus:
1125 581 1227 629 tautum
1253 577 1370 634 elilciant
1393 569 1488 639 rrt'eili
1511 585 1628 645 leticitati
1652 592 1718 648 nihil

928 661 962 715 ab
977 661 1053 717 hoste
1064 703 1073 729 ,
1086 664 1153 719 nihil
1167 679 1181 719 a
1196 677 1282 736 peste,
1299 670 1364 724 nibil
1378 672 1412 726 ab
1423 673 1476 729 ulla
1491 676 1567 734 clade
1580 680 1716 739 timeatur.

928 750 993 818 Quis
1012 750 1081 808 banc
1093 754 1284 824 rempublicam
1304 774 1404 827 sanus,
1420 780 1473 820 uon
1495 767 1581 824 dicam
1596 771 1716 830 iloutarru

928 841 1059 913 irnperio,
1082 844 1129 900 sed
1142 845 1231 902 domui
1250 846 1423 923 Sardanapali
1442 864 1658 929 comparaverit?
1670 880 1716 937 qut

927 933 1061 1002 quondam
1083 951 1131 992 rex
1151 938 1185 993 ita
1211 939 1260 995 luit
1282 943 1461 1014 rolrrptutibus
1485 950 1608 1019 deditus,
1634 965 1663 1012 ut
1689 958 1715 1013 iu

927 1023 1052 1095 sepulcro
1086 1041 1136 1081 suu
1160 1030 1240 1084 scribi
1272 1030 1382 1100 lecerit,
1410 1053 1441 1091 ea
1473 1040 1529 1096 stila
1562 1057 1593 1100 ee
1617 1044 1713 1106 haltere

927 1121 1080 1181 mortuum,
1111 1132 1171 1187 quc
1198 1119 1280 1177 libido
1305 1123 1363 1193 ejus
1393 1127 1474 1183 utiunt
1500 1145 1559 1186 curn
1592 1136 1714 1206 viveret,

928 1202 1085 1269 innutriendo,
1101 1221 1304 1282 consumpserat
1316 1213 1366 1286 i⁰i³
1377 1215 1461 1283 Quem
1475 1236 1564 1292 regem
1578 1225 1620 1280 isti
1632 1229 1655 1282 si
1668 1228 1712 1284 ha·

927 1294 1021 1351 herent
1052 1298 1103 1354 sibi
1128 1301 1153 1354 iu
1186 1302 1282 1358 talibus
1313 1305 1513 1378 indulgentem,
1544 1331 1594 1371 uec
1624 1319 1650 1373 in
1675 1323 1712 1378 eis

926 1386 1048 1456 cuiquam
1076 1389 1128 1444 ulla
1156 1394 1300 1450 severitate
1321 1396 1527 1469 aduersantenr;
1555 1407 1616 1461 huic
1631 1409 1701 1465 libou

926 1476 995 1544 tlus,
1013 1494 1092 1549 quatu
1121 1481 1235 1538 Romani
1257 1495 1363 1543 veteres
1388 1490 1520 1560 Romulo,
1547 1500 1673 1569 tcmphtnr
1687 1511 1712 1558 ct

926 1567 1060 1626 flaminem
1085 1589 1285 1634 consecrarent.

943 1680 1056 1738 caetu
1077 1683 1146 1739 ΧΧΙ.
1157 1717 1192 1727 -
1209 1690 1272 1756 Quo
1293 1695 1413 1748 sententio
1431 1699 1506 1766 [ituit
1525 1700 1651 1760 Cicereius
1665 1708 1697 1762 de

1181 1780 1296 1836 llornnnu
1310 1787 1447 1854 rtpttblicu.

961 1864 986 1919 l.
1007 1865 1059 1921 Sed
1075 1870 1096 1923 si
1112 1875 1292 1928 coatteruuitnr
1306 1881 1349 1947 qni
1364 1879 1510 1938 noritonam
1525 1889 1712 1959 rempublicam

925 1957 1067 2023 pessimam
1092 1975 1123 2015 ac
1141 1961 1373 2032 flagitiosissimam
1390 1972 1472 2039 dixit,
1490 1984 1539 2031 nec
1554 1991 1649 2036 curant
1669 1980 1712 2039 nn

923 2055 1021 2113 quanta
1036 2062 1138 2104 morum
1155 2056 1331 2122 pessimorum
1349 2076 1379 2114 ac
1394 2060 1583 2132 flagitiosorum
1608 2070 1667 2127 labe
1680 2088 1712 2130 ac

923 2136 1055 2194 dedecore
1069 2142 1220 2213 impleatur,
1233 2148 1278 2200 sed
1300 2153 1483 2209 tantummodo
1496 2163 1525 2209 ut
1543 2160 1671 2216 consistat
1684 2175 1712 2219 et

923 2241 1049 2296 inuncat;
1063 2234 1172 2290 audiant
1186 2252 1256 2300 eum.
1268 2255 1332 2299 tion.
1344 2240 1521 2300 utSullustius
1536 2261 1634 2317 narrat,
1650 2269 1710 2322 pes·

922 2324 1017 2379 situum
1037 2340 1068 2380 ac
1080 2327 1313 2398 flagitiosissimam
1329 2333 1444 2402 laetam,
1460 2338 1522 2405 sed,
1537 2341 1606 2397 sicut
1617 2342 1711 2399 Cicero

922 2416 1059 2488 disputat,
1073 2420 1127 2487 jam
1151 2431 1213 2476 tuuc
1238 2439 1345 2493 prorsus
1361 2426 1481 2495 perisse,
1496 2442 1523 2487 et
1541 2433 1639 2490 nnllam
1654 2442 1711 2493 unt·

922 2509 985 2562 uiuo
998 2511 1159 2567 remansisse
1183 2517 1385 2584 rempublicam.
1398 2520 1503 2577 inducit
1517 2525 1587 2580 eninr
1608 2526 1711 2599 Scipio-

921 2615 994 2669 nem,
1008 2617 1069 2657 eum
1081 2603 1166 2673 ipsum
1179 2609 1223 2675 tpn
1234 2606 1419 2680 Carthaginem
1434 2613 1605 2685 exstinxerat,
1617 2618 1651 2675 de
1663 2624 1710 2677 rc·

922 2692 1025 2762 publica
1058 2695 1256 2767 disputantem,
1282 2703 1387 2771 quaudo
1423 2710 1644 2777 praesentiebatur
1676 2727 1709 2770 ea

920 2785 1101 2856 corruptione,
1118 2804 1197 2859 quam
1217 2789 1344 2848 describit
1358 2794 1518 2864 Sallustius,
1531 2800 1586 2872 jum
1600 2803 1709 2877 jamque

920 2878 1047 2948 peritura.
1065 2880 1108 2935 'Eo
1134 2883 1233 2954 quippe
1259 2894 1378 2957 tempore
1401 2889 1566 2961 disputatur,
1587 2898 1708 2967 quoiam

920 2984 988 3024 tanus
1001 2968 1182 3027 Gracchorum
1198 2975 1304 3031 occisus
1317 2976 1362 3031 luit
1376 3021 1385 3042 ,
1400 2994 1415 3033 a
1429 2997 1483 3052 qno
1496 2984 1587 3040 scribit
1597 2986 1707 3045 seditio·

918 3072 968 3114 nes
982 3074 1076 3132 graves
1098 3063 1212 3132 coepissu
1233 3063 1374 3122 Sallustius
1387 3068 1437 3142 (i).
1452 3070 1517 3127 Nam
1537 3076 1631 3132 mortis
1649 3082 1709 3147 ciris

920 3153 950 3206 ttt
965 3153 990 3208 iu
1002 3153 1101 3209 eisdem
1110 3154 1186 3212 libris
1200 3160 1501 3218 cotnmcmoratio.Cum
1516 3177 1604 3223 autem
1618 3169 1708 3241 Scipio

919 3243 945 3298 in
962 3243 1070 3299 secundi
1095 3246 1154 3302 libri
1168 3247 1227 3304 'llue
1250 3248 1379 3318 dixisset,
1398 3251 1432 3309 Ut
1444 3255 1471 3310 in
1485 3257 1578 3328 fidibus
1598 3279 1628 3317 oc
1642 3262 1708 3323 tibiis

917 3345 993 3405 utque
1002 3347 1079 3391 contu
1092 3337 1147 3408 ipso
1156 3355 1186 3393 uc
1196 3341 1298 3396 uocibus
1311 3354 1445 3402 concentus
1456 3357 1493 3402 ert
1506 3351 1609 3418 quidum
1619 3363 1706 3410 tuteri-

918 3425 965 3480 dos
978 3441 1009 3480 eu
1021 3426 1144 3483 distinctis
1155 3431 1234 3498 sonis,
1245 3448 1318 3502 quem
1331 3434 1490 3494 intitulatum
1502 3451 1546 3495 out
1559 3442 1706 3517 discrepan-

918 3525 968 3568 tcnr
982 3531 1057 3570 uana
1078 3519 1185 3573 erudite
1196 3524 1264 3591 ferre
1275 3539 1325 3576 non
1341 3536 1467 3593 poasnnt;
1481 3529 1552 3601 itque
1575 3546 1708 3593 concentus

918 3621 950 3659 ex
963 3605 1292 3664 dissintiilinrornmoocarn
1312 3614 1484 3673 moderatione
1503 3635 1606 3678 concurs
1623 3633 1706 3682 tuntrn

918 3688 1023 3767 efficitur
1034 3706 1059 3752 et
1072 3714 1232 3770 conqrnens:
1243 3703 1279 3756 cic
1290 3716 1323 3758 ec
1340 3707 1447 3763 summit
1458 3717 1482 3763 et
1494 3710 1589 3778 infiatis
1609 3723 1632 3769 et
1650 3733 1704 3770 rac-

918 3787 967 3840 diis
975 3789 1113 3860 interjectis
1126 3791 1273 3857 ordinibus,
1288 3804 1315 3847 ut
1333 3797 1401 3852 sonia
1411 3840 1419 3864 ‚
1431 3800 1560 3856 modnotu
1583 3805 1679 3860 ratione
1696 3807 1706 3839 ¹

917 3878 1041 3933 ciuitatem
1062 3895 1185 3935 consensu
1202 3882 1432 3941 dissintillintorum
1453 3893 1582 3948 concinere
1592 3911 1602 3961 ,⁴
1614 3906 1637 3949 et
1651 3900 1709 3968 quot

917 3968 1074 4024 homicidae
1089 3975 1192 4029 ntnaicis
1206 3974 1300 4030 dicitur
1311 3977 1338 4032 in
1355 3988 1447 4049 cantu,
1466 3999 1522 4039 eum
1537 4002 1590 4041 erse
1604 3989 1630 4043 in
1643 3990 1705 4044 ciui·

918 4069 968 4114 tute
989 4063 1166 4130 concordium,
1179 4068 1346 4123 arctissimum
1358 4080 1432 4142 utque
1448 4077 1568 4144 optimum
1589 4083 1658 4136 omiti
1679 4084 1708 4139 int

917 4152 1046 4221 republica
1060 4154 1186 4209 uincnhnn
1200 4158 1398 4232 incolumitatis,
1418 4180 1522 4238 euntque
1540 4171 1595 4224 sine
1605 4173 1707 4245 justitia

918 4245 989 4299 trullo
1002 4256 1076 4316 poeto
1088 4264 1142 4302 case
1155 4266 1246 4320 posse:
1257 4268 1289 4308 ac
1298 4253 1396 4311 deinde
1409 4272 1469 4313 cum
1482 4261 1617 4334 aliquanto
1628 4267 1706 4323 latius

917 4345 944 4390 et
966 4336 1072 4393 uberius
1093 4337 1280 4404 disseruisset.
1297 4355 1424 4414 quantum
1445 4352 1584 4420 prodesset
1601 4357 1705 4428 justitia

917 4428 1016 4482 civitati
1029 4472 1036 4493 ,
1052 4440 1233 4504 quantumque
1247 4434 1374 4503 obesset,
1388 4440 1410 4495 si
1421 4441 1567 4512 abluisset;
1583 4452 1702 4521 suscepit

917 4520 1013 4575 deiude
1025 4522 1115 4578 Philus
1131 4526 1152 4592 ¹,
1160 4539 1228 4581 unus
1239 4544 1332 4585 eornm
1343 4533 1388 4602 qui
1398 4533 1571 4606 disputationi
1583 4542 1703 4606 aderant,

918 4622 945 4667 et
956 4615 1075 4684 poposcit
1089 4626 1118 4670 ut
1132 4616 1189 4672 haec
1203 4618 1259 4688 ipsa
1280 4623 1392 4692 questio
1405 4624 1557 4697 diligentius
1578 4641 1705 4687 tracuus-

919 4715 978 4772 tur,
994 4722 1026 4762 ac
1049 4707 1082 4763 dc
1094 4708 1195 4779 iustitia
1215 4711 1290 4781 plura
1314 4713 1475 4782 dicerentur,
1497 4725 1607 4793 propter
1620 4724 1704 4791 illud,

918 4797 989 4868 quod
1011 4797 1066 4868 jam
1088 4800 1166 4870 vulgo
1180 4800 1333 4872 lembum,
1348 4809 1540 4877 rempublicam
1553 4813 1608 4884 regi
1624 4813 1706 4871 'sirie

950 4958 958 4988 ¹
976 4956 1043 5006 vind.
1056 4966 1105 5007 tm.
1118 4965 1155 5008 er.
1169 4965 1196 5008 et
1205 4957 1296 5022 aliquot
1307 4970 1369 5019 uss,
1381 4963 1529 5016 aramentum
1543 4968 1709 5024 torinicum·

917 5019 963 5068 teri
975 5017 1028 5068 iere
1040 5027 1102 5078 tiss..
1113 5019 1283 5071 nndnniom

916 5140 926 5192 ι
949 5083 960 5111 ¹
975 5082 1016 5190 silc1
1031 5083 1104 5130 eham
1123 5087 1177 5132 ttsr.
1194 5085 1269 5133 nostri
1286 5096 1380 5133 utnues.
1399 5092 1468 5137 torte
1485 5086 1626 5155 legendum,
1649 5094 1707 5147 pinta

926 5154 962 5191 tta.
1016 5175 1024 5191 .

950 5205 960 5236 ⁸
976 5203 1061 5254 riores
1072 5204 1125 5255 libri
1137 5204 1209 5255 hicet
1219 5205 1280 5254 luha
1292 5205 1352 5265 locu,
1367 5206 1427 5270 rrqi,
1442 5209 1543 5276 habeut,
1553 5218 1614 5282 peri.
1627 5221 1706 5270 -ste

918 5265 1321 5323 ettamoouuffttttffltttetbttba.
1355 5276 1382 5317 u.

948 5328 983 5389 (u)
994 5326 1164 5390 sanlauapalus
1172 5342 1215 5377 rex
1228 5327 1272 5378 luit
1283 5331 1429 5391 assyriorum
1440 5332 1546 5398 ultimus,
1556 5342 1625 5405 qu'us
1632 5343 1705 5404 epita·

917 5389 999 5451 phium
1008 5388 1079 5438 alieri
1089 5391 1171 5439 cicero
1180 5391 1205 5438 iu
1213 5391 1351 5440 maculabis
1360 5400 1449 5450 onesi.
1458 5394 1500 5446 lib.
1509 5400 1534 5459 ὅ,
1542 5414 1593 5465 cap.
1604 5404 1643 5452 35.

948 5451 983 5523 (h)
995 5452 1117 5522 titteriurn
1127 5451 1392 5526 oraecbumtutethgn,
1406 5458 1541 5519 ascipiuue
1552 5465 1641 5522 naum,
1654 5465 1707 5527 ejus

916 5519 1071 5636 ttuttttt
1082 5525 1200 5632 tttttt?
1201 5514 1707 5647 {¹1¹¹dlillllidilidilhitdiliilil}

916 5638 1022 5685 coctam
1035 5649 1040 5683 :
1053 5637 1162 5696 scipione
1174 5633 1282 5686 uhioeuo
1300 5639 1402 5699 minore,
1419 5641 1451 5690 de
1469 5655 1518 5705 quo
1535 5645 1574 5698 bie
1590 5646 1707 5712 luqtttuu,

919 5696 1013 5749 bellurn
1022 5698 1121 5748 iuterim
1131 5696 1160 5747 ad
1169 5699 1316 5749 umuauuam
1331 5711 1443 5763 percute.
