3900 6390
235 279 267 335 ti
767 280 810 335 bu
829 271 989 336 civitais
1005 276 1070 338 DEl,
1091 276 1119 332 S.
1140 277 1324 336 recusetur

234 394 260 449 si
272 403 411 464 propterea
422 397 505 464 nrapis
515 393 624 450 timendi
633 402 661 449 et
671 393 775 450 colendi
786 403 919 463 putantur,
935 407 1020 457 oeqne

237 484 287 539 bne
302 495 426 554 prrtrmtrtr
440 504 447 540 :
463 485 632 555 nequeenim
645 486 733 539 minos
754 499 801 538 eos
821 482 954 538 inienitor
967 481 1021 535 lle·

232 576 312 644 gntus
326 575 459 640 coluisse,
472 591 549 646 quarn
562 575 668 653 ilarius.
694 573 748 630 Nec
760 566 821 629 idco
832 570 885 627 vitri
908 565 1022 642 pessirna

235 667 355 737 eligenda
369 666 498 735 rideatur,
513 667 572 739 quia
589 666 672 737 magis
684 662 764 722 llario
778 658 857 737 quam
871 663 972 735 Regulo
985 662 1022 718 dii

236 759 332 813 lauisse
362 747 558 814 eristinran'turz
583 758 703 814 Meteilus
726 757 815 824 enim,
841 749 1021 811 Romanorum

231 842 451 915 laudatissimus,
465 844 511 921 'qui
524 848 616 905 babuit
633 851 750 921 quinque
767 846 845 926 ¹iiiios
867 839 1022 904 consulares

227 936 282 1010 ln),
297 943 376 994 etiem
389 936 480 997 rernm
501 940 687 1011 temporalium
707 939 769 995 lelix
783 938 850 1004 iuit;
872 946 899 993 et
910 935 1021 992 Catilina

228 1026 385 1100 ‚pessimos,
400 1033 547 1102 oppressus
567 1032 654 1102 inopia
666 1039 695 1087 et
711 1030 738 1086 in
751 1029 823 1086 bello
846 1029 888 1086 sui
911 1027 1022 1083 sceleris

228 1132 383 1191 ,prostratus
396 1123 487 1179 infelix
501 1142 508 1180 :
521 1132 548 1180 et
560 1125 696 1180 verissima
712 1133 790 1194 atque
802 1123 948 1179 certissima
963 1121 1022 1175 leii-

234 1213 313 1290 birate
336 1213 493 1283 praepollent
519 1215 582 1270 boni
597 1214 678 1269 [icum
704 1215 870 1279 colentes,a
892 1227 945 1284 qno
965 1212 1022 1266 solo

233 1302 348 1358 metent
361 1306 458 1374 potest.

269 1394 297 1448 Ἃ
313 1394 357 1448 llla
373 1394 451 1465 igitur
461 1394 608 1464 'rosprrrbliea
622 1395 699 1449 malis
711 1393 828 1449 ntoribrts
838 1409 898 1448 ctrm
912 1393 1020 1464 periret,

233 1466 349 1541 ntbrrtn
372 1500 464 1541 earnm
493 1501 540 1556 pro
565 1485 765 1557 arrrgrnursret
791 1500 840 1556 pro
858 1481 1022 1555 corrigeros

233 1576 494 1646 egerrrnttnoribns,
520 1592 553 1631 ne
578 1577 696 1647 perires.
722 1575 775 1630 imo
800 1572 975 1644 depravandis
996 1582 1023 1628 el

232 1663 435 1737 corrumpendis
454 1668 611 1723 addiderunt
626 1668 759 1733 moribus,
779 1669 810 1721 ui
833 1667 942 1737 periretr
968 1664 1022 1720 Nec

232 1772 264 1815 se
277 1758 362 1815 bonos
377 1759 492 1831 lingant,
508 1760 577 1829 qnod
591 1759 662 1814 reiut
675 1757 874 1814 ollensicirium
885 1757 1022 1828 iniquitate

232 1852 415 1909 discesserint.
429 1853 542 1908 Prorsus
565 1852 601 1906 ibi
622 1849 716 1915 erant:
732 1851 889 1920 produntur,
910 1843 1021 1906 contin·

232 1955 329 2001 curator
344 1960 414 2001 :nee
438 1945 580 2000 subvenire
594 1944 789 2021 precipiendo,
804 1951 854 2000 nee
876 1944 959 1999 latere
983 1952 1022 1995 er·

233 2034 320 2091 brodo
331 2043 482 2105 potuerunt.
494 2033 594 2090 Omitto
606 2034 676 2105 quod
690 2034 787 2089 llarirts
805 2049 819 2087 a
835 2031 1022 2090 miserantibus

233 2126 458 2183 Minturnensibus
472 2128 577 2182 liaricae
601 2124 659 2182 dem
683 2128 709 2180 in
734 2126 795 2181 luco
809 2126 867 2194 ejus
884 2126 1020 2180 commen-

232 2221 312 2275 riatus
325 2229 383 2286 est,
400 2228 427 2273 ιιι
436 2221 460 2275 ei
474 2220 561 2274 omnia
584 2228 753 2289 prosperaret
767 2216 816 2290 (b);
831 2226 903 2272 etex
918 2213 1021 2273 suitima

233 2311 420 2377 rltspcratione
442 2323 565 2365 reversus
592 2309 749 2371 incolumis,
778 2309 803 2362 in
829 2306 925 2364 Urbem
947 2306 1022 2361 duxit

234 2405 369 2461 'ertrdelem
393 2404 508 2461 erudelis
531 2405 700 2460 exercitum:
724 2404 768 2459 ubi
788 2418 866 2472 quarn
891 2410 1019 2468 crucum,

233 2514 313 2570 qnam
339 2499 471 2563 incivilis,
497 2498 637 2568 hostilique
662 2497 802 2551 immanior
826 2495 885 2559 ejus
912 2494 1021 2549 victoria

230 2590 330 2653 'luerit;
345 2589 449 2660 eosqui
464 2591 640 2660 scripserunt,
663 2588 752 2657 iegrrnt
765 2588 808 2657 qui
823 2585 914 2639 sariunt
935 2587 954 2639 ¹.
968 2584 1021 2639 Sed

234 2665 302 2745 boc,
318 2689 346 2734 ut
359 2680 430 2744 dixi,
444 2679 558 2734 omitto:
583 2694 632 2734 neo
646 2679 749 2733 biaricae
765 2677 854 2731 neaera
867 2677 909 2730 eui
933 2676 1021 2730 tribuo

228 2768 309 2825 llarii
331 2770 505 2842 sanguineam
529 2770 701 2836 ieiicltatem,
726 2768 774 2825 sed
799 2770 911 2824 occultae
934 2769 1021 2839 potins

233 2856 405 2933 parturientia
429 2861 477 2916 liei
490 2860 523 2915 ad
541 2860 651 2916 istorum
670 2873 717 2914 ora
740 2859 886 2915 claudenda
899 2899 907 2925 ,
922 2872 1021 2929 eosque

233 2952 372 3008 aberrore
386 2950 538 3008 liberandos
550 2951 596 3022 qui
612 2967 664 3006 non
679 2949 775 3005 studiis
788 2959 889 3019 agunt,
904 2950 951 3005 seri
965 2949 1021 3004 irae

231 3043 379 3115 prudenter
390 3041 538 3099 advertunt.
564 3041 630 3109 Quia
644 3050 673 3096 et
686 3041 708 3094 si
720 3039 819 3111 ailquid
832 3040 859 3093 io
882 3038 923 3093 bis
940 3040 1020 3095 rebus

233 3134 369 3190 demones
383 3144 503 3205 possunt,
518 3142 619 3186 tantum
630 3140 741 3202 possunt
753 3169 760 3195 ,
774 3127 903 3201 qrtaiitttrn
915 3141 1021 3185 secreto

231 3221 426 3296 omnipotentis
441 3224 554 3280 arbitrio
574 3226 781 3294 pernrittontnr3
807 3235 841 3277 ne
867 3223 1020 3292 magnipen-

230 3310 470 3372 arausicanam
486 3315 653 3378 felicitatem,
669 3329 740 3385 que,
754 3315 822 3370 sieut
836 3313 931 3379 llario,
943 3314 1020 3370 maiis

229 3401 311 3463 etiam
325 3405 662 3476 pierumque-eonomine
684 3419 736 3461 nec
758 3420 817 3461 eant
838 3420 932 3462 rursrrs
940 3408 1020 3477 quasi

231 3496 328 3552 malam
339 3495 509 3561 arbitrentur,
520 3495 728 3551 cumeamnitos
738 3496 817 3551 etiam
829 3496 889 3565 pios
898 3504 926 3551 et
936 3497 1021 3553 bonos

231 3586 310 3643 tttrius
323 3587 369 3642 bei
381 3586 436 3642 reri
458 3585 596 3651 cultores,
612 3584 702 3641 invitis
727 3584 892 3642 daemonibus
907 3587 1021 3657 praepot-

231 3676 313 3733 lttisse
326 3673 479 3741 rideamus:
490 3689 546 3731 nec
555 3675 663 3730 eosdem
676 3675 901 3732 irnmttudissimos
909 3678 1020 3747 spiritus

231 3767 277 3824 vel
292 3777 399 3840 propter
411 3767 470 3823 itare
484 3768 540 3838 ipsa
555 3767 624 3822 bona
643 3766 745 3822 malave
757 3769 1021 3839 terrena-propitian-

230 3857 282 3916 dos
295 3868 340 3914 aut
355 3858 486 3915 timendos
499 3859 693 3915 existimemus.
716 3857 783 3925 Quia
798 3860 868 3916 sient
889 3860 937 3930 ipsi
958 3861 1020 3916 maii

232 3950 354 4007 bomines
369 3952 402 4006 in
420 3950 491 4008 teria
502 3992 510 4017 ,
523 3951 564 4006 'sic
578 3952 657 4007 etiam
670 3952 707 4006 illi
721 3968 775 4008 non
789 3954 878 4008 omnio
892 3968 955 4022 qnae
974 3970 1021 4008 ιιι-

231 4041 291 4099 lunt
304 4043 390 4099 iacere
401 4052 533 4114 possunt,
548 4042 598 4099 nisi
612 4053 738 4113 quantum
750 4043 831 4115 {illins
853 4044 1020 4099 oniinatione

230 4121 389 4201 sinonurrf,
403 4134 479 4204 cujus
492 4135 571 4205 plene
591 4133 689 4205 judicia
709 4149 789 4189 nenio
807 4135 1018 4205 comprehendit,

230 4226 301 4299 luced
316 4228 594 4299 neno-repretrmuit.

248 4324 475 4433 depulisti.
490 4343 576 4397 -lle
595 4342 710 4415 Syllanis
728 4343 833 4410 actibus,
856 4340 962 4414 quorem
975 4361 1002 4399 re

385 4434 511 4490 watenes
529 4444 715 4490 ostentaverant
727 4434 866 4504 adjutores.

266 4549 293 4605 l.
308 4547 380 4625 silla
393 4550 466 4605 cerie
479 4546 546 4616 ipse,
559 4546 635 4618 cujus
649 4557 768 4618 tempora
785 4546 845 4601 talia
860 4544 978 4614 lucrans,
991 4555 1020 4602 ni

229 4643 389 4714 superiora,
413 4637 526 4711 quoium
548 4639 647 4694 vindex
670 4654 730 4694 esse
751 4637 888 4693 videbatui
912 4637 1018 4694 iliorum

230 4733 429 4805 edrtiputatidrte
451 4739 645 4803 moererentur,
660 4745 720 4785 cum
740 4729 854 4799 primum
871 4727 904 4784 ad
919 4724 1017 4785 Urbem

262 4853 271 4902 i
290 4868 355 4918 t’iori.
369 4873 418 4917 tm.
431 4863 459 4916 es
468 4873 515 4936 er,
529 4864 609 4929 breti
619 4863 661 4927 qui
671 4861 833 4915 mnemimt.

261 4932 556 4988 ’ornoeettssnuntoc
654 4988 660 5000 ·
870 4970 880 4998 Α,
960 4985 1002 4997 ..

262 4990 299 5054 (ιι)
310 4995 362 5042 init
378 4990 420 5041 ilie
431 4997 457 5048 Q.
469 4986 581 5039 lieteiius
594 4986 739 5045 numidicus,
755 4993 779 5035 L.
791 4985 880 5035 tteteib
900 4984 1019 5057 {mullos

223 5066 315 5129 norm,
328 5053 360 5103 de
371 5051 527 5139 quoniioirts,
542 5049 585 5100 tib.
597 5051 621 5108 7,
629 5061 691 5128 ⁸cap.
703 5047 749 5120 ⁴⁴13
761 5049 852 5134 cicero,
864 5046 1017 5157 coicianrqrxs,

230 5115 273 5226 ddi.
282 5114 310 5234 ξς
319 5127 392 5236 cauchq
402 5109 1018 5279 we}u²i8dm1d¹esdmduulid}iudswodrlddtdepdediditettrtlsexclan:¹

228 5229 1019 5371 essarris

228 5372 316 5471 ccccccs
325 5371 388 5422 quos
398 5370 519 5420 inspicere
531 5357 610 5418 bonu,
622 5369 726 5421 qumque
741 5355 803 5420 plor
814 5351 966 5412 mnmiores,
983 5357 1018 5403 te·

229 5477 1018 5614 rillillil‘ibitalbiiilirl'iillllrbbbnil

229 5604 432 5676 itinturnensrbus
447 5609 572 5674 exceptus
579 5609 620 5661 stt,
635 5601 715 5651 daces
730 5613 761 5675 cx
778 5599 908 5674 ⁸Plutarcho¹
922 5602 948 5649 ln
964 5611 1018 5661 erus

230 5668 290 5778 :qu
304 5665 396 5717 teliero
414 5665 457 5716 lib.
469 5662 502 5727 2,
516 5672 620 5726 appiano
637 5663 670 5713 de
682 5661 753 5713 uellus
763 5661 875 5713 crtrbbus
893 5659 935 5709 lrb.
950 5662 977 5722 l,
991 5669 1016 5712 et

1829 290 1867 347 'ts

1076 400 1168 443 eontra
1191 389 1301 446 liariom
1321 401 1407 447 eastra
1427 394 1571 459 movisset,
1584 395 1652 450 adeo
1666 396 1725 452 leit
1740 408 1801 456 exta
1814 402 1867 457 im-

1076 481 1185 535 nrolanti
1199 480 1280 537 irrisae
1294 483 1385 537 scribit
1398 482 1498 547 Liuius,
1513 492 1542 539 ut
1566 485 1693 542 etrstodiri
1717 503 1747 544 se
1768 489 1866 546 Postu·

1075 570 1146 626 unios
1164 586 1277 642 aruspex
1298 573 1412 629 soluerit
1428 574 1523 644 eapitis
1541 576 1698 646 suppliciam
1717 579 1864 646 subiturus,

1076 660 1128 716 nisi
1143 677 1174 716 ra
1195 679 1255 734 quae
1279 664 1305 719 in
1324 664 1413 721 arrimo
1425 666 1497 738 Sylla
1511 667 1632 734 baberet,
1648 668 1699 725 diis
1711 672 1866 741 juvarrelbus

1076 750 1248 822 implevisset.
1263 754 1332 811 Ecce
1346 771 1399 810 noo
1413 755 1593 814 discesserant
1605 759 1693 833 adytis
1702 763 1810 834 arisque
1822 761 1864 822 re·

1075 842 1145 898 lictis
1156 843 1203 909 dii,
1214 845 1319 914 quando
1331 847 1364 902 de
1374 863 1462 903 rerum
1476 858 1572 906 eventu
1584 850 1772 921 praeternam,
1786 855 1867 912 nibli·

1075 950 1127 1009 que
1141 934 1174 991 de
1189 936 1272 1007 ipsios
1286 937 1366 1009 Sylla
1384 929 1552 997 correctione
1567 941 1705 999 curabant.
1720 943 1866 1002 Promitte·

1075 1025 1139 1082 bant
1154 1027 1354 1098 praesagienum
1371 1029 1524 1109 felicitatem
1538 1046 1678 1103 magnam,
1702 1050 1752 1091 nec
1767 1037 1865 1092 maltinr

1075 1119 1246 1190 cupiditatem
1269 1122 1395 1177 minando
1418 1116 1583 1194 frangebant.
1608 1125 1709 1182 Deinde
1718 1124 1866 1186 emneseet

1076 1208 1103 1264 lri
1126 1210 1188 1266 Asia
1209 1212 1308 1267 bellum
1331 1209 1535 1270 blitirridaticum
1560 1231 1665 1287 gerens,
1689 1232 1738 1288 per
1752 1219 1863 1277 lanciunt

1074 1292 1173 1357 Titium
1188 1302 1212 1357 ei
1227 1305 1379 1359 mandatum
1392 1315 1459 1360 esta
1472 1301 1547 1372 loire,
1559 1309 1629 1379 quod
1642 1318 1715 1366 esset
1727 1308 1864 1368 llithrida·

1076 1401 1128 1446 tem
1141 1400 1313 1464 superaturus
1328 1413 1335 1449 :
1353 1405 1379 1451 et
1397 1383 1557 1453 factumest.
1585 1399 1624 1454 lc
1638 1410 1728 1470 prosim
1744 1403 1864 1460 molienti

1075 1485 1162 1540 redire
1181 1484 1207 1539 in
1224 1483 1335 1549 Urbem.
1351 1487 1379 1543 e't
1389 1503 1453 1543 suas
1467 1487 1666 1561 amicorumque
1678 1492 1810 1563 injurios¹
1823 1497 1863 1550 ri·

1074 1577 1119 1631 ttili
1134 1580 1261 1648 sanguine
1278 1579 1380 1647 ulcisci,
1395 1581 1490 1636 iterum
1504 1583 1653 1637 mandatnm
1668 1595 1709 1640 est
1720 1586 1862 1644 abeodem

1075 1667 1140 1724 lore
1162 1684 1210 1738 per
1228 1669 1338 1727 militem
1359 1672 1499 1741 querntiam
1513 1672 1625 1743 legionis
1637 1684 1731 1739 serbe,
1746 1679 1822 1746 prius
1833 1696 1864 1735 se

1074 1759 1109 1817 de
1124 1759 1274 1816 liirbriuare
1296 1763 1488 1832 praenuntiasse
1504 1764 1651 1829 uictoriam,
1672 1774 1701 1821 et
1722 1777 1785 1823 tunc
1801 1785 1863 1837 pro-

1075 1851 1181 1908 mittere
1200 1851 1322 1908 daturnm
1342 1867 1371 1908 se
1392 1856 1560 1924 potestatem,
1575 1870 1624 1926 qun
1639 1868 1811 1925 recuperaret
1830 1859 1864 1916 aii

1075 1942 1189 1999 inimicis
1200 1940 1389 2013 renrpr'rblicam
1403 1928 1455 2000 non
1468 1945 1526 2001 sine
1538 1948 1621 2002 multo
1635 1950 1773 2018 sarrpnine.
1788 1945 1864 2008 Tunc

1075 2035 1245 2105 percontatus
1259 2034 1342 2106 Sylla,
1357 2036 1513 2107 qualemn
1529 2039 1673 2094 nriiitirisa
1687 2039 1782 2109 luerit;
1802 2041 1863 2098 curn

1074 2124 1119 2181 iiie
1133 2125 1286 2192 indicasset,
1299 2141 1357 2183 eam
1373 2127 1527 2183 recordatus
1541 2138 1580 2183 est
1593 2145 1671 2200 quam
1684 2131 1757 2201 prius
1770 2132 1804 2187 ab
1817 2131 1865 2190 iiio
1904 2178 1907 2185 ,

1074 2218 1204 2284 abilianae,
1218 2218 1263 2288 qui
1276 2217 1310 2273 de
1321 2219 1495 2274 llitlrridatiea
1511 2221 1619 2275 victoria
1633 2222 1771 2278 abeodem
1786 2239 1863 2279 nran-

1073 2305 1134 2362 data
1148 2306 1303 2378 pertulerat.
1314 2308 1384 2376 Quid
1398 2309 1440 2364 bie
1453 2307 1607 2379 responderi
1622 2320 1720 2382 potest,
1730 2328 1815 2384 qnare
1826 2315 1865 2370 dil

1073 2398 1225 2454 ctrrarerint
1235 2400 1305 2453 reiut
1319 2400 1403 2455 ieiicia
1416 2401 1465 2454 ism
1480 2402 1611 2467 nuntiare,
1627 2413 1654 2457 et
1667 2403 1756 2459 nuilus
1768 2419 1864 2461 eorum

1073 2490 1206 2545 erraverit
1219 2477 1318 2562 Syllam
1333 2489 1467 2546 monendo
1481 2492 1625 2561 corrigere,
1640 2493 1709 2549 mala
1727 2501 1801 2548 irrnta
1823 2495 1864 2549 ia·

1068 2575 1178 2635 *erorum
1193 2581 1313 2636 scelestis
1325 2581 1546 2647 armiscivililrns,
1558 2582 1645 2652 qualia
1657 2599 1709 2637 non
1720 2584 1865 2654 ioerlarent,

1073 2671 1121 2728 red
1135 2672 1269 2728 aulerrent
1280 2673 1390 2727 omnino
1405 2671 1615 2739 rempublicami
1638 2673 1738 2744 Nempe
1760 2676 1862 2733 intelli-

1072 2772 1170 2837 g'nntur
1179 2765 1326 2832 demones,
1334 2765 1405 2820 sieut
1414 2768 1485 2834 sape
1498 2765 1563 2832 dixi,
1574 2774 1719 2836 notumque
1731 2767 1810 2824 nobis
1822 2768 1864 2826 esi

1072 2857 1100 2912 in
1110 2856 1218 2911 Litteris
1229 2856 1321 2920 saone,
1333 2850 1429 2926 resqde
1439 2856 1503 2925 ipsa
1512 2855 1714 2925 satisindicani,
1724 2861 1862 2930 negotium

1065 2962 1149 3002 suum
1164 2953 1260 3018 agere,
1286 2956 1316 3002 ut
1334 2961 1383 3016 pro
1400 2946 1450 3000 titis
1469 2945 1616 3002 habeantur
1628 2959 1654 3003 et
1674 2949 1814 3018 colantur,
1831 2962 1865 3009 ‚rt

1072 3048 1104 3096 eu
1123 3038 1177 3094 iilis
1187 3038 1372 3106 exhibeantur,
1388 3037 1484 3108 quibus
1502 3037 1520 3092 ii
1537 3038 1582 3109 qui
1602 3038 1728 3096 exbibent
1750 3042 1863 3105 sociati,

1072 3126 1152 3186 unam
1171 3129 1312 3199 pmsimam
1329 3135 1438 3184 causam
1459 3142 1520 3184 eum
1533 3129 1572 3184 eis
1588 3128 1703 3187 babeant
1720 3132 1747 3188 ln
1761 3129 1865 3203 iudicio

1072 3212 1131 3278 bet.

1107 3313 1134 3368 2.
1157 3291 1257 3368 Deinde
1275 3327 1336 3367 cum
1351 3310 1468 3367 venisset
1480 3305 1624 3368 'latentem
1637 3311 1719 3385 Sylla,
1733 3322 1814 3386 atque
1826 3315 1864 3371 ibi

1072 3407 1258 3474 sacriticasse,
1270 3407 1337 3462 riuti
1353 3407 1379 3461 in
1396 3406 1484 3475 capite
1498 3405 1600 3461 uitulini
1619 3406 1718 3476 jecoris
1735 3408 1862 3464 similitu·

1072 3499 1160 3556 dinem
1175 3514 1281 3555 corone
1293 3514 1390 3554 annea.
1416 3498 1492 3554 'lunc
1514 3498 1667 3554 Postumius
1685 3515 1801 3570 aruspex
1818 3497 1864 3559 ilie'

1072 3588 1223 3663 despondit,
1235 3590 1389 3662 preclaram
1403 3592 1428 3645 ei
1443 3591 1592 3661 signiiicare
1607 3592 1755 3660 victoriam,
1766 3593 1863 3664 jurarit·

1072 3688 1122 3757 que
1135 3693 1164 3738 ut
1178 3684 1245 3739 extis
1256 3683 1307 3738 illis
1317 3681 1391 3738 solus
1401 3691 1563 3738 vesceretur.
1578 3683 1673 3737 Postea
1687 3698 1768 3754 pareo
1780 3685 1863 3741 inter·

1071 3774 1141 3830 italio
1156 3790 1249 3830 servus
1262 3773 1398 3843 cujusdam
1414 3773 1487 3827 Lucii
1512 3772 1595 3827 Potitii
1617 3774 1787 3831 vaticinando
1807 3776 1864 3831 ola·

1073 3867 1207 3923 mariun
1230 3865 1339 3922 Bellona
1362 3866 1471 3922 notities
1495 3865 1588 3930 verrio;
1613 3864 1721 3920 uictoria
1745 3876 1789 3922 toa
1809 3880 1862 3935 est,

1073 3957 1155 4029 Sylla.
1169 3958 1270 4014 beirrrie
1286 3956 1395 4027 adjecit,
1405 3970 1527 4012 arsurum
1540 3971 1600 4012 esse
1614 3956 1783 4026 Capitolium.
1807 3958 1863 4016 lire

1072 4052 1131 4106 cum
1146 4049 1268 4115 dixisset,
1282 4050 1409 4105 emrtinuo
1418 4050 1569 4116 egressuse
1583 4051 1687 4116 eastris,
1700 4061 1806 4120 postera
1819 4054 1864 4117 elie

1071 4143 1229 4199 concitatior
1243 4157 1367 4198 resersus
1379 4152 1431 4206 osi,
1443 4152 1469 4197 et
1485 4140 1643 4211 Capitolium
1657 4145 1864 4210 arsisseciama·

1072 4228 1119 4289 itt.
1139 4237 1247 4288 arserat
1258 4229 1347 4288 'autem
1360 4247 1453 4288 revera
1468 4232 1638 4303 Capitolium.
1660 4233 1736 4300 Quod
1754 4217 1863 4307 quidem

1072 4327 1186 4383 demoni
1206 4336 1233 4381 et
1253 4325 1401 4396 praesidere
1422 4326 1500 4382 laeiie
1521 4326 1619 4393 iniret
1636 4327 1775 4386 celerrime
1793 4346 1863 4386 nrrrr·

1073 4422 1148 4474 tiare.
1163 4412 1300 4473 liiudsane
1310 4416 1427 4481 intende,
1436 4416 1507 4488 quod
1517 4417 1550 4472 ad
1560 4433 1666 4474 caumm
1676 4420 1792 4477 maxime
1804 4437 1863 4493 per-

1074 4511 1149 4577 tinet,
1162 4510 1350 4581 subqnalibus
1359 4502 1412 4565 diis
1426 4510 1602 4580 ossecupitint
1615 4510 1659 4581 qui
1675 4510 1863 4582 blasphemant

1072 4599 1237 4658 salvatorem
1259 4602 1408 4658 noluntates
1430 4599 1546 4656 iideliurn
1565 4616 1580 4654 a
1600 4600 1737 4658 dominatu
1762 4601 1864 4660 daemo-

1072 4712 1135 4751 num
1149 4690 1315 4750 liberantem.
1329 4693 1458 4749 Clamauit
1469 4691 1549 4747 bomo
1558 4692 1734 4759 vaticinando,
1744 4694 1863 4753 Victoria

1074 4802 1117 4844 tua
1129 4800 1179 4856 est,
1195 4788 1285 4860 Syiia;
1298 4797 1377 4857 atque
1387 4792 1416 4842 ui
1425 4785 1451 4842 id
1465 4785 1556 4841 diuino
1568 4788 1662 4858 spiritu
1677 4789 1793 4846 clamare
1804 4808 1862 4848 cre·

1072 4881 1194 4943 deretur,
1213 4878 1344 4934 nuntiaris
1356 4879 1435 4933 etiam
1449 4877 1547 4947 aliquid
1565 4886 1593 4933 et
1606 4893 1689 4949 prope
1704 4880 1822 4937 loturum
1837 4893 1862 4939 et

1072 4987 1134 5027 oros
1152 4969 1340 5028 lacrumando
1352 4967 1530 5037 lorrgeaberai
1543 4982 1590 5037 per
1604 4984 1683 5037 quem
1695 4968 1739 5024 itte
1752 4971 1863 5040 spiritns

1072 5061 1227 5133 loquebatur
1239 5077 1246 5114 :
1256 5073 1308 5113 non
1320 5064 1407 5111 tanren
1417 5054 1551 5121 eianrarit,
1564 5057 1604 5111 Ab
1613 5057 1759 5114 sceleribus
1770 5075 1861 5130 parce,

1055 5134 1161 5224 ¹Sylla';
1181 5166 1241 5220 quac
1262 5149 1315 5204 iilic
1329 5148 1413 5203 uictor
1433 5156 1485 5201 tarn
1504 5145 1636 5208 borrenda
1657 5149 1802 5213 commisii,
1818 5153 1861 5205 eui

1071 5259 1168 5300 corona
1191 5256 1271 5297 aurea
1296 5241 1379 5311 ipsius
1402 5239 1519 5295 victoriae
1533 5240 1742 5296 illustrissimum
1755 5242 1860 5313 signnm

1071 5338 1098 5393 in
1113 5337 1222 5392 vitulino
1239 5335 1330 5405 iecore
1343 5333 1473 5404 apparuit.
1495 5332 1590 5401 Qualia
1604 5335 1678 5405 signa
1698 5335 1721 5390 si
1739 5333 1776 5390 dii
1795 5337 1860 5407 justi

1101 5537 1111 5568 ¹
1128 5535 1194 5584 vind.
1207 5543 1257 5583 aro,
1274 5542 1301 5584 et
1317 5533 1485 5596 manuscripti,
1506 5533 1673 5598 presoqondo.
1691 5560 1721 5569 —
1739 5534 1858 5586 siceiiau

1070 5605 1113 5691 ‘¹⁵3
1124 5596 1192 5715 dossdss,
1204 5602 1312 5706 denras
1322 5655 1432 5715 inerim.
1443 5658 1523 5721 aies,
1530 5655 1648 5719 artoarto,
1662 5670 1676 5707 a
1687 5655 1756 5707 tine.
1763 5666 1813 5707 nm.
1822 5664 1858 5710 Ει.

1070 5727 1121 5773 eie
1133 5719 1254 5784 pterosque
1262 5720 1437 5783 oaumenptts.
