3900 6390
163 291 194 348 5¹
688 275 733 332 DE
751 271 910 331 ctvttntu
928 271 996 341 bnt,
1015 273 1044 332 S·
1063 274 1247 336 nbnusntnt

165 403 299 458 bominem
319 398 443 456 occidere
463 394 504 451 rel
529 400 693 459 nocentem,
716 390 792 460 cuius
813 384 952 445 meldendi

165 494 299 551 licentiam
324 492 367 546 lex
388 490 460 544 nulla
480 485 618 543 concedit:
633 482 753 555 prolecto
771 481 851 537 etiam
866 479 954 551 quise

165 585 250 655 ipsum
260 583 365 650 occidit,
374 578 564 645 homicidaest;
576 585 604 634 et
617 584 689 632 tanto
698 574 727 630 stt
738 573 885 639 nocentior,
892 587 952 627 cnm

164 691 194 732 se
207 675 351 740 occiderit,
364 680 462 744 quanto
474 669 641 726 innocentior
652 668 681 724 in
691 682 724 723 ea
733 681 812 723 eausa
823 664 888 727 tuit.
901 679 953 736 qua

167 783 197 824 se
212 765 385 822 occidendum
399 763 509 834 putruit.
532 761 598 816 llam
616 760 640 815 si
651 759 727 815 ludas
740 758 836 813 lactum
856 756 953 813 merito

164 858 346 922 detestamur,
359 869 475 925 eumque
485 855 585 911 veritas
595 851 697 922 judicat
710 891 719 916 ,
742 865 803 905 curn
815 863 844 903 se
856 848 951 919 laqueo

162 948 321 1018 suspendit,
340 948 477 1003 sceleratae
492 946 563 1001 illins
582 943 733 1000 traditionis
745 942 851 997 auxisse
865 941 952 1011 potius

163 1056 245 1112 qaam
255 1042 376 1111 expiasse
396 1040 567 1096 commissum
582 1054 590 1103 ;
605 1038 729 1108 qnoniam
743 1037 789 1092 bei
799 1033 952 1090 misericer-
976 1062 978 1067 ·

162 1132 235 1188 diam
248 1131 414 1204 desperando
427 1131 598 1188 exitiabiliter
610 1129 758 1201 poenitens,
781 1126 882 1181 nullum
900 1124 952 1182 sibi

165 1224 281 1279 salubris
295 1223 459 1292 paenitentiae
470 1223 557 1278 locum
575 1218 796 1293 reliquittllattb.
805 1233 890 1282 xxrrt,
904 1218 951 1286 ll:

161 1323 262 1384 quanto
277 1312 360 1384 magis
380 1328 397 1368 a
414 1327 461 1368 sua
474 1327 539 1368 nece
553 1325 583 1367 se
603 1311 738 1366 abstinere
751 1309 830 1365 debet
842 1307 887 1378 qni
905 1307 952 1364 tali

164 1405 295 1475 supplicio
308 1404 380 1475 qnod
392 1405 420 1460 in
432 1420 463 1460 se
474 1405 566 1474 puniat
580 1444 589 1470 ,
612 1419 665 1459 non
680 1403 775 1459 habeti
787 1401 868 1458 landas
880 1400 952 1456 enim

164 1510 225 1550 cum
244 1510 273 1551 se
286 1495 399 1561 occidit,
412 1495 582 1551 *sceleratum
596 1494 730 1551 bominem
743 1492 857 1549 occidit:
871 1501 897 1549 et
910 1500 951 1546 ta·

164 1602 225 1641 men
240 1602 293 1642 non
307 1587 393 1643 solum
403 1587 512 1652 Christi,
528 1601 620 1641 rernm
635 1586 713 1641 etiam
722 1600 777 1640 succ
789 1583 952 1640 montisreus

165 1678 251 1732 sinivit
277 1678 345 1734 banc
357 1679 457 1742 ritam;
473 1678 534 1749 quia
545 1678 608 1732 licet
625 1684 734 1746 propter
747 1690 825 1730 suum
839 1674 950 1741 scelus,

162 1769 274 1825 aliosno
285 1770 386 1825 scelere
395 1769 499 1826 occisus
507 1777 559 1825 est.
571 1765 689 1841 [tituta]
699 1767 752 1821 Cor
762 1774 849 1820 autem
859 1763 950 1833 bomo,

163 1858 209 1927 qni
223 1859 285 1913 mali
299 1858 460 1925 nihilfecit,
479 1859 527 1915 sibi
552 1857 720 1922 malefaciat,
733 1865 799 1912 etse
812 1855 897 1926 ipsum
911 1854 953 1911 in·

164 1949 610 2007 terbciendobominetninteriiciat
621 1949 788 2004 innocentem
804 1989 813 2015 ,
828 1946 951 2003 nealium

164 2043 279 2111 patiatur
294 2051 451 2104 nocentem:
467 2051 546 2113 atque
565 2041 592 2096 in
614 2056 644 2096 se
666 2046 803 2110 perpetret
814 2046 950 2109 peecatum

163 2132 311 2203 proprium,
326 2147 359 2188 ne
369 2133 437 2190 ineo
450 2139 619 2203 perpetretur
631 2130 766 2186 alienum?

163 2284 277 2342 catur
295 2285 389 2341 111111.
414 2316 450 2328 -
470 2285 509 2341 De
527 2286 610 2340 aliena
629 2285 801 2340 violentiarum
825 2285 946 2354 libidine,

209 2392 285 2446 qnam
297 2378 323 2431 in
335 2392 455 2448 oppresso
465 2392 570 2447 corpere
582 2392 651 2431 mens
662 2377 741 2431 inuita
753 2377 899 2448 perpetitur.

200 2522 227 2577 l.
246 2524 281 2577 Δι
296 2522 378 2588 enini,
391 2523 476 2578 nevel
490 2522 574 2578 aliena
587 2523 688 2594 polluat
699 2524 797 2592 libido,
811 2527 950 2582 metuitur.

164 2612 222 2669 Non
237 2614 356 2683 polluet,
371 2615 393 2669 si
406 2615 571 2671 alienaerit:
586 2615 608 2671 si
622 2624 710 2671 antem
725 2617 840 2686 polluet,
863 2619 950 2675 aliena

164 2719 217 2759 non
231 2704 291 2760 erit.
307 2703 360 2760 Sed
372 2719 433 2760 cnm
447 2704 572 2775 pudicitia
585 2705 668 2761 uirtus
686 2707 721 2762 sit
739 2708 839 2776 animi,
861 2709 948 2765 comi·

164 2802 273 2864 temque
296 2795 393 2853 trabem
417 2797 687 2870 fortitudinemque
711 2801 799 2870 potins
825 2802 951 2873 quaelibet

162 2887 232 2941 mala
245 2887 368 2955 tolerare,
378 2905 457 2960 quam
467 2891 538 2946 malo
549 2893 702 2948 consentire
710 2892 846 2961 decernit;
863 2896 950 2953 nullus

162 2989 250 3034 antem
269 2982 455 3052 magnanimus
473 2992 500 3040 et
514 2983 625 3054 pudicus
639 2985 666 3041 in
686 2995 816 3056 potestate
837 2988 948 3057 babeat,

162 3071 225 3144 quid
235 3073 269 3129 de
279 3087 327 3130 sua
337 3089 418 3131 earnm
426 3075 483 3143 ilat
493 3077 540 3132 sed
551 3086 652 3134 tantum
663 3079 725 3150 qnid
737 3090 837 3136 annnat
848 3091 947 3151 mente,

163 3163 207 3219 rel
220 3174 315 3219 renunt
335 3182 342 3219 :
362 3165 421 3235 quis
439 3167 532 3224 eadem
555 3183 619 3225 sana
643 3171 753 3226 mente¹
767 3172 898 3241 putauerit
919 3187 949 3231 te

161 3256 274 3325 perdere
283 3257 446 3326 pudicitiam,
460 3260 483 3315 si
493 3258 560 3315 forte
570 3260 598 3315 in
606 3261 772 3332 apprehensa
781 3272 809 3319 et
819 3279 948 3335 oppressa

161 3362 242 3404 carne
255 3365 301 3404 sua
320 3361 475 3407 exerceatur
487 3362 515 3409 et
528 3355 666 3425 expleatur
678 3357 761 3414 libido
776 3375 828 3415 non
842 3362 907 3415 stra?
918 3361 947 3418 Si

161 3439 233 3494 enim
248 3439 299 3494 boc
308 3441 387 3496 modo
399 3443 524 3511 pudicitia
537 3446 615 3514 perit,
629 3447 748 3515 prolecto
757 3449 881 3519 pudicitia
894 3452 948 3506 uir-

161 3536 205 3584 tus
225 3529 306 3584 autimi
327 3546 380 3585 non
394 3533 459 3595 erit;
475 3548 525 3590 nec
539 3537 682 3604 pertinebit
695 3538 728 3593 ad
742 3553 774 3595 ea
787 3539 874 3607 bona,
888 3542 949 3613 qui·

160 3618 211 3674 bus
224 3619 292 3675 bene
305 3621 412 3687 uiuitur,
428 3622 475 3678 sed
490 3624 516 3678 in
527 3625 604 3680 bonis
614 3628 735 3696 corporis
748 3633 945 3698 numerabitnr;

161 3709 246 3779 qualia
253 3719 323 3776 sunt,
336 3711 417 3778 vires,
429 3714 607 3783 pulchritudo,
619 3733 683 3773 sana
698 3718 851 3792 integraque
859 3725 869 3755 ¹
877 3723 961 3786 rate,

161 3797 244 3864 tudo,
265 3813 296 3855 ac
309 3800 331 3855 si
346 3800 409 3871 quid
420 3801 570 3871 hujusmodi
584 3815 625 3863 est
637 3825 645 3862 ε
659 3824 718 3879 quae
738 3808 818 3878 buna,
832 3812 948 3870 numni

160 3889 324 3956 minuantur,
347 3891 444 3947 bonam
455 3893 607 3967 justamque
616 3898 697 3954 vitant
711 3901 820 3957 omnino
832 3918 885 3959 non
895 3904 947 3960 mi·

161 3989 256 4034 nnunt.
272 3980 349 4049 Quod
365 3983 388 4038 si
404 3985 457 4040 tale
470 3987 568 4057 aliquid
580 3998 622 4044 εει
636 3990 776 4060 pudicitia,
792 3994 885 4065 utquid
898 4011 947 4066 pro

160 4067 203 4124 illa
216 4084 267 4133 ,ne
283 4073 430 4138 amittatur,
444 4076 524 4131 etiam
538 4092 599 4133 cnm
609 4080 726 4149 periculo
737 4086 857 4152 eorporis
869 4085 946 4142 labo·

159 4160 252 4215 ratur?
276 4160 304 4217 Si
317 4172 405 4219 auam
419 4165 501 4220 animi
515 4166 613 4223 bonnm
636 4179 695 4236 est,
716 4172 798 4228 etiam
818 4189 947 4244 oppresso

159 4265 272 4322 corpore
294 4269 346 4309 non
367 4256 507 4312 amittitur.
521 4259 682 4326 Quinetiam
696 4273 794 4321 sanare
808 4266 947 4323 eontinen-

159 4341 203 4396 tin
218 4342 315 4398 bonnm
330 4361 390 4400 cum
410 4347 583 4407 immunditiae
597 4354 742 4410 carnalium
757 4359 947 4427 concupiscen-

158 4433 255 4488 tiarum
278 4450 331 4490 non
343 4437 432 4504 cedit,
452 4448 480 4495 et
494 4441 579 4511 ipsura
593 4458 691 4515 eorpus
704 4448 884 4505 sanctiticatnr
897 4467 904 4506 :
918 4459 946 4506 et

159 4523 293 4580 ideonum
311 4527 351 4582 eis
372 4544 424 4582 non
439 4529 534 4588 cedere
547 4533 703 4591 inconcussa
723 4539 869 4594 intentione
882 4555 945 4610 per·

157 4615 245 4685 sistit,
261 4633 310 4674 nec
323 4619 357 4675 de
372 4621 428 4690 ipso
441 4637 552 4693 corpore
564 4627 631 4695 perit
651 4629 777 4685 sanctitas
787 4630 808 4697 ⁸,
830 4631 892 4703 quia
911 4648 946 4689 eo

158 4717 251 4763 sancte
262 4711 354 4765 utendi
368 4717 661 4785 perseveratuolnntas,
670 4728 698 4774 et
707 4728 834 4792 qnantum
846 4722 874 4779 in
887 4722 945 4794 ipsu

156 4806 216 4866 est,
230 4801 309 4856 etiam
325 4802 446 4861 facultas.

193 4910 220 4965 2.
231 4911 332 4984 'Neque
351 4916 422 4972 enim
434 4932 468 4973 eo
478 4933 576 4990 corpus
589 4933 709 4979 sanctum
723 4933 781 4994 est,
802 4927 873 4998 quod
886 4929 945 5000 ejus

156 5002 277 5057 membra
290 5015 352 5062 snnt
366 5008 477 5080 integra,
492 5021 538 5069 aut
550 5028 593 5083 eo,
608 5015 678 5086 qnod
689 5018 764 5073 nullo
775 5030 944 5078 contrectan-

156 5191 250 5236 nerata
264 5183 316 5237 vim
332 5189 449 5258 perpeti,
464 5200 491 5248 et
501 5193 596 5250 medici
611 5196 753 5267 aliqnando
767 5200 844 5255 saluti
858 5203 945 5273 opitu·

155 5269 241 5327 lantes
251 5271 311 5329 bec
324 5276 359 5331 ibi
369 5278 475 5350 saciant,
490 5300 550 5354 qun·
562 5286 654 5343 ltorret
663 5301 798 5361 aspectus.
809 5292 943 5351 Obstetrix

154 5445 251 5556 ὤιξε
262 5447 330 5500 vind.
340 5455 391 5499 tm.
410 5458 436 5502 et
446 5459 499 5505 ltss.
512 5463 539 5506 tt
548 5462 586 5506 er.
599 5466 625 5510 ει
636 5467 699 5522 ton,
709 5462 762 5526 qtris
777 5465 874 5517 madent
884 5480 944 5519 emto

186 5570 196 5640 ξ
213 5544 296 5620 Plures
303 5576 466 5648 manttscriptl,
476 5578 596 5637 omittunt.
609 5581 762 5647 dampnaque:
771 5588 864 5652 etloeo,
874 5605 941 5655 aare,

153 5629 249 5690 quadam
260 5630 356 5695 lerunt,
374 5643 473 5688 matus.
493 5643 566 5690 -Sic
582 5645 654 5693 otiam
666 5653 707 5695 ttst
718 5648 773 5705 tna.
806 5659 834 5700 tt.

185 5693 196 5725 ⁸
212 5698 243 5742 lta
256 5694 323 5746 and.
336 5706 363 5748 et
373 5706 426 5750 use.
439 5707 467 5751 tt
477 5707 526 5751 tat.
540 5708 577 5753 Fr.
588 5713 614 5756 ct
624 5714 689 5769 ton,
701 5709 877 5773 penitententia.

1008 386 1115 458 virginis
1125 389 1261 460 cujusdam
1276 391 1453 466 integritatem
1466 411 1546 453 manu
1559 397 1792 469 rclntexplorans,

1007 478 1063 535 sire
1076 481 1277 553 maletolentia,
1291 486 1348 544 sire
1360 487 1481 555 inscitia,
1500 490 1557 546 siue
1570 505 1650 557 casn,
1666 490 1731 547 dum
1751 489 1794 546 ln·

1006 571 1100 641 spicit,
1123 574 1257 644 perdidit:
1279 593 1333 634 non
1352 580 1448 651 opinor
1462 597 1623 653 quemqnam
1637 591 1690 638 tam
1710 582 1793 641 stulte

1005 677 1118 734 sapere,
1140 676 1170 722 ut
1190 667 1252 724 lruic
1265 670 1377 740 periisse
1397 672 1496 743 aliquid
1515 674 1650 730 existimet
1661 673 1744 731 etiam
1756 674 1792 732 dc

1005 754 1089 825 ipsius
1112 758 1232 829 corporis
1253 762 1410 829 sanctitate,
1438 764 1561 834 quamvis
1582 765 1694 820 membri
1717 765 1792 822 illius

1005 847 1155 919 integritate
1179 850 1234 920 iam
1261 853 1373 922 perdita.
1399 854 1529 924 Quocirca
1552 857 1689 928 proposito
1708 856 1792 915 animi

1004 949 1191 1008 permanente,
1214 958 1262 1011 per
1275 943 1345 1013 qnod
1359 944 1439 1000 etlam
1451 961 1547 1018 eorpus
1562 940 1722 1004 sanctilleari
1738 964 1792 1007 me

1004 1032 1070 1096 ruit,
1095 1047 1146 1089 nec
1170 1034 1220 1106 ipsi
1243 1037 1348 1107 corpori
1371 1037 1457 1095 atriert
1477 1041 1644 1097 sanctitatem
1666 1041 1792 1100 uiolentia

1004 1119 1121 1178 libidinis
1132 1124 1238 1193 altena,
1251 1143 1330 1198 quam
1341 1139 1430 1185 servat
1443 1133 1637 1202 perseuerantia
1652 1135 1793 1191 eontinen-

1004 1216 1048 1267 tlae
1061 1227 1126 1269 snae.
1138 1217 1179 1271 Aa
1194 1233 1258 1273 nero
1270 1219 1294 1274 si
1310 1221 1399 1292 aliqua
1422 1221 1519 1279 lentina
1537 1234 1628 1281 mente
1645 1236 1792 1298 corrupta,

1003 1303 1152 1376 violatoque
1173 1311 1309 1379 proposito
1330 1312 1401 1383 quod
1425 1313 1481 1370 lleo
1496 1324 1624 1383 noverat,
1645 1318 1793 1391 pergatri·

1003 1393 1092 1450 tianda
1112 1395 1146 1451 ad
1164 1397 1335 1470 deceptorem
1354 1417 1432 1460 sttnm
1443 1421 1451 1471 ;
1464 1404 1552 1461 adbuc
1563 1421 1622 1462 eam
1637 1415 1792 1480 pergentem

1002 1495 1124 1542 sanctam
1143 1489 1186 1545 vel
1199 1505 1312 1562 corpore
1325 1493 1456 1564 dicimus,
1479 1512 1511 1552 ea
1531 1498 1670 1554 sanctitate
1691 1499 1791 1566 antmt,

1003 1591 1050 1646 per
1070 1594 1150 1649 quam
1170 1596 1267 1653 eorpus
1287 1584 1511 1656 sanctificabatur,
1532 1589 1629 1645 amissa
1648 1599 1728 1660 atque
1746 1591 1793 1648 de·

1002 1670 1120 1725 structa?
1129 1671 1207 1728 Absit
1219 1672 1264 1728 bic
1277 1689 1368 1730 error:
1381 1686 1408 1733 et
1422 1676 1579 1749 bincpotius
1589 1678 1791 1750 admoneamur,

1002 1758 1104 1816 itanon
1126 1764 1211 1819 amitti
1224 1767 1344 1837 corporis
1365 1769 1551 1840 sanctitatem,
1572 1783 1698 1831 manente
1709 1774 1792 1831 animi

1003 1855 1157 1924 sanctitate,
1172 1858 1252 1914 etiam
1277 1875 1391 1932 corpore
1413 1878 1561 1934 oppresso,
1581 1866 1650 1922 sicut
1662 1868 1793 1925 amittitur

1002 1948 1123 2017 corporis
1146 1951 1274 2007 sanctitas
1308 1953 1404 2010 uiolata
1427 1955 1508 2012 animi
1533 1959 1692 2026 sanctitate,
1711 1959 1792 2016 etiam

1002 2050 1116 2109 corpere
1129 2040 1240 2097 intacto.
1260 2042 1440 2112 Quamobrem
1454 2063 1506 2104 non
1518 2047 1617 2105 babet¹
1630 2051 1702 2121 quod
1721 2051 1749 2107 in
1762 2067 1793 2110 se

1002 2138 1090 2186 morte
1111 2143 1259 2203 spontanea
1281 2137 1373 2206 puniat
1396 2137 1512 2208 semina,
1528 2141 1586 2197 sine
1600 2141 1652 2197 ulla
1665 2156 1713 2198 sua
1726 2158 1792 2219 con·

1002 2221 1127 2276 sensione
1147 2222 1277 2280 uiolenter
1303 2241 1450 2297 oppressa,
1476 2239 1503 2284 et
1526 2230 1613 2287 alieno
1638 2245 1791 2303 compressa

1001 2318 1112 2380 peceato
1123 2329 1133 2367 .·
1146 2323 1245 2384 quanto
1261 2315 1349 2372 minus
1362 2326 1424 2375 ante
1437 2335 1517 2390 quam
1538 2320 1664 2386 bucinat:
1686 2339 1721 2379 ne
1741 2324 1791 2381 ad-

1002 2404 1122 2458 mittatur
1136 2402 1309 2464 bonrieidinm
1323 2418 1444 2478 eertum,
1463 2427 1524 2469 cum
1539 2413 1625 2484 ipsum
1646 2413 1789 2487 dragitium,

1001 2495 1123 2562 quamuis
1137 2495 1271 2567 alienum,
1286 2499 1374 2556 adbuc
1385 2502 1484 2571 pendet
1499 2504 1650 2561 incertum?

1002 2622 1114 2682 CAPUT
1132 2626 1205 2684 xlx,
1218 2659 1254 2671 -
1265 2629 1305 2687 De
1318 2632 1436 2689 Lucretia
1448 2676 1456 2702 ,
1478 2652 1536 2706 que
1547 2653 1575 2693 re
1587 2638 1618 2693 ab
1632 2639 1733 2696 illatum
1743 2640 1790 2697 sili

1272 2731 1389 2792 stuprum
1403 2727 1518 2796 peremit.

1036 2851 1063 2906 l.
1084 2853 1125 2908 bn
1142 2853 1211 2911 lorte
1228 2854 1291 2912 buic
1310 2860 1457 2930 perspicuae
1470 2863 1585 2932 rationi,
1605 2881 1657 2937 qua
1677 2866 1790 2926 dicimus

1000 2957 1255 3015 corporeoppresso‚
1269 2964 1434 3022 nequaquam
1450 2956 1585 3024 proposito
1596 2959 1725 3014 castitatis
1736 2961 1788 3016 ulla

1000 3032 1027 3088 in
1042 3035 1140 3090 malum
1150 3038 1326 3095 consensione
1337 3050 1455 3109 mutato,
1468 3043 1538 3099 illins
1549 3054 1650 3102 tantum
1664 3063 1724 3105 esse
1738 3050 1788 3108 ssa·

999 3125 1092 3195 gitium
1113 3129 1159 3198 qui
1181 3131 1334 3200 opprimens
1354 3135 1543 3204 concubuerit,
1565 3154 1618 3193 non
1639 3139 1789 3212 illiusque

999 3230 1125 3288 oppressa
1145 3222 1332 3278 concumbenti
1355 3225 1427 3280 nulla
1447 3227 1584 3283 volumtate
1604 3235 1787 3301 consenserit,

998 3309 1183 3367 contradicere
1203 3311 1339 3370 audebunt
1363 3314 1409 3382 bi,
1432 3327 1523 3373 contra
1544 3336 1611 3390 qnos
1628 3321 1788 3381 seminarum

1001 3400 1206 3460 christianarum
1220 3405 1248 3460 in
1262 3407 1413 3477 captivitate
1425 3424 1611 3481 oppressarum
1621 3430 1673 3469 non
1687 3425 1787 3474 tantum

998 3501 1120 3557 mentes,
1140 3509 1232 3550 verunt
1256 3496 1336 3552 etiam
1356 3513 1468 3570 corpora
1491 3511 1584 3558 sancta
1602 3504 1788 3565 desendimnsl

999 3579 1095 3656 [illle]
1109 3582 1260 3640 Lucretiam
1275 3596 1357 3653 certe,
1369 3599 1517 3646 matronam
1531 3592 1646 3650 nobilem
1657 3603 1788 3652 veterem-

998 3687 1051 3743 que
1069 3674 1235 3742 Romanam,
1257 3678 1391 3748 pudicitiae
1406 3683 1509 3752 magnis
1522 3683 1636 3742 ederunt
1656 3687 1787 3745 laudibus.

998 3763 1082 3835 llttjns
1093 3780 1206 3837 corpore
1218 3783 1279 3824 cum
1292 3770 1421 3827 uiolenter
1432 3789 1561 3844 oppresso
1573 3775 1708 3850 Tarquinii
1718 3782 1789 3853 regis

999 3855 1069 3911 tilius
1081 3857 1223 3916 libidinose
1235 3862 1335 3932 potitus
1344 3871 1427 3932 esset,
1439 3865 1484 3920 illa
1499 3867 1586 3924 scelus
1599 3869 1788 3940 improbissimi

995 3946 1100 4016 iuuenis
1114 3950 1211 4007 marito
1222 3951 1373 4009 Collatino¹
1394 3964 1423 4012 et
1444 3958 1592 4032 propinquo
1610 3960 1709 4031 Bruto,
1723 3963 1788 4021 viris

998 4037 1153 4111 clarissimis
1165 4051 1193 4098 et
1210 4040 1380 4116 fortissimis,
1406 4048 1545 4120 indicavit,
1568 4068 1667 4126 eosque
1680 4055 1715 4111 ad
1727 4057 1788 4131 rin·

1000 4127 1098 4184 dictam
1113 4134 1272 4191 constrinxit
1285 4137 1399 4195 :deinde
1414 4139 1477 4198 tuadi
1489 4142 1515 4197 in
1529 4160 1560 4200 se
1571 4147 1706 4203 commissi
1716 4164 1788 4221 aegra

997 4229 1077 4292 atque
1091 4222 1232 4295 impatiens
1244 4241 1275 4284 se
1290 4230 1404 4299 peremit
1415 4233 1467 4303 (a).
1480 4234 1548 4303 Qttid
1560 4236 1696 4295 dicemus?
1712 4240 1788 4296 adul·

998 4319 1053 4367 tera
1065 4311 1133 4377 brec,
1144 4330 1178 4370 an
1189 4328 1260 4373 easta
1272 4319 1415 4389 judicanda
1429 4325 1490 4380 est?
1502 4326 1566 4395 Quis
1578 4328 1605 4384 in
1616 4329 1666 4387 hac
1680 4342 1788 4408 contro·

996 4404 1081 4459 tersia
1092 4404 1266 4464 laborandum
1281 4414 1433 4481 putaverit?
1445 4417 1558 4489 Egregie
1570 4421 1677 4491 qnidam
1687 4440 1719 4480 ex
1735 4425 1788 4483 boc

998 4498 1180 4566 veraciterque
1193 4500 1363 4570 declamans,
1386 4507 1443 4562 ait:
1468 4527 1477 4560 e
1491 4509 1608 4568 llirabile
1622 4513 1711 4584 dictn;
1733 4517 1787 4574 duo

997 4581 1118 4653 inierunt,
1140 4597 1168 4645 et
1189 4591 1347 4650 adulterium
1369 4612 1439 4654 nnnts
1466 4598 1581 4657 admisit.
1606 4623 1616 4657 t
1640 4605 1786 4677 Splendida

997 4681 1236 4748 atqueaerissime.
1258 4685 1365 4744 intuens
1379 4689 1450 4745 enim
1471 4691 1497 4746 in
1510 4693 1623 4751 dnomm
1643 4712 1786 4769 corporum

995 4770 1185 4829 commixtione
1196 4777 1274 4830 nnius
1288 4777 1530 4848 inquinatissimam
1543 4786 1731 4860 cupiditatem,
1745 4793 1786 4849 al·

996 4861 1078 4916 teritus
1092 4864 1270 4920 castissimam
1284 4869 1463 4936 voluntatem
1486 4883 1514 4929 et
1527 4878 1658 4948 nunquid
1671 4882 1784 4953 cortjun·

995 4952 1083 5007 ctione
1104 4955 1307 5024 membrorum,
1331 4959 1378 5016 sed
1396 4962 1459 5032 quid
1472 4965 1620 5023 animorum
1632 4969 1787 5031 diversitate

995 5053 1128 5114 ageretur,
1151 5047 1308 5115 attendens,
1326 5051 1425 5120 «nno,
1440 5073 1450 5106 a
1466 5054 1568 5127 inquit,
1586 5057 1733 5132 «inerunt,
1758 5075 1786 5122 et

994 5134 1153 5193 adulterium
1166 5152 1235 5194 attus
1248 5139 1365 5196 admisit.
1380 5160 1390 5194 t

1029 5225 1057 5281 1.
1077 5226 1130 5284 Sed
1145 5229 1209 5300 quid
1229 5239 1272 5287 est
1293 5232 1362 5296 boe,
1376 5234 1447 5304 quod
1463 5236 1562 5294 ineam
1576 5243 1685 5311 qravtm
1698 5246 1783 5304 vindi·

994 5329 1080 5388 catur,
1094 5335 1153 5392 quse
1164 5321 1325 5378 adulterium
1346 5339 1399 5380 non
1413 5328 1540 5386 admisit?
1552 5331 1619 5389 Nam
1640 5335 1686 5392 ille
1698 5340 1785 5408 patria

1019 5475 1035 5547 ,Ι
1052 5481 1117 5534 μοι,
1128 5475 1284 5535 Quamobrem
1293 5477 1350 5542 qlll'ti
1357 5491 1405 5531 11011
1412 5480 1492 5536 'label-
1505 5486 1587 5549 Abest,
1598 5488 1663 5553 quid,
1671 5493 1704 5543 db
1712 5493 1785 5547 6111111

994 5533 1360 5670 ὼῖιξὲιὲιὲιεαῖξιπιψξῇιιὶϋ,
1374 5604 1505 5659 cmietiao.
1517 5611 1582 5673 apud
1594 5614 1683 5666 liniunt
1701 5623 1783 5669 umen

994 5665 1099 5718 somna,
1111 5658 1247 5712 camme.

1028 5719 1065 5783 (a)
1075 5723 1253 5787 narrauvtus,
1264 5723 1306 5776 bb.
1319 5726 1330 5776 l
1335 5762 1344 5790 ,
1353 5740 1422 5794 capp.
1434 5730 1473 5794 at,
1486 5731 1524 5784 11.
