3900 6390
217 296 278 358 ost.

217 411 274 476 bat,
296 418 400 467 tantum
418 411 455 467 illi
468 411 536 468 hene
548 420 615 467 crat.
639 409 861 482 Quandoquidem
881 412 1008 468 menrhris

218 502 463 575 obtemperantibus
478 503 640 575 imperabam
653 511 681 560 ct
691 510 720 558 ιιι
731 518 807 559 snam
820 503 1010 585 mortalitatem

218 586 360 653 adversum
371 611 401 653 se
413 611 446 652 ex
460 595 604 669 indigentia
615 596 799 662 rebellantem,
810 611 841 651 ac
851 595 1010 651 seditionem

218 687 297 745 lamis
310 689 343 745 ad
354 687 549 744 dissociandam
559 694 639 759 atque
651 686 843 745 excindendam
858 687 1012 756 dccorpnre

219 780 336 838 animam
355 780 549 847 concitantem,
565 789 664 851 quanta
679 788 770 855 posset¹
784 778 953 835 testinatione
964 793 1011 849 pn·

218 881 302 940 earet,
314 873 445 945 rapiebat,
460 874 582 936 necabat,
596 873 725 938 rorabat3
738 880 766 930 et
779 873 900 943 quamvis
915 872 1010 927 imma·

219 964 262 1021 nis
274 979 306 1021 ac
320 962 402 1030 ierus,
418 966 476 1035 paci
493 973 581 1020 tamen
592 980 646 1020 suae
659 966 720 1022 vitae
733 980 764 1020 ac
774 965 868 1021 salutis
888 965 1012 1021 immani-

219 1063 261 1112 ter
283 1064 311 1112 et
329 1055 455 1114 ferociter
472 1056 628 1113 consulebat
645 1075 652 1112 :
668 1072 700 1113 ac
723 1073 770 1127 pcr
790 1060 840 1112 hoc
860 1059 882 1112 si
905 1071 1011 1127 pacem,

223 1161 304 1219 qnam
330 1149 356 1202 in
387 1164 434 1203 sua
460 1147 586 1219 spelunea
614 1156 693 1218 atquc
717 1148 744 1203 in
768 1163 798 1203 se
826 1149 883 1218 ipso
914 1146 1014 1204 habere

220 1239 287 1297 satis
305 1241 400 1312 agebat
425 1241 446 1304 ¹,
466 1255 525 1296 cnm
544 1241 604 1297 aliis
623 1242 702 1297 etiam
723 1241 821 1296 habere
846 1241 934 1305 vellet,
963 1256 1013 1297 nee

220 1333 325 1398 mulus,
347 1348 396 1390 nec
419 1345 592 1402 monstrum,
615 1350 665 1391 nec
684 1335 832 1391 semihomo
861 1346 1011 1392 vocaretur.

221 1425 276 1504 dut
288 1425 311 1480 si
325 1425 383 1496 ejus
395 1426 514 1495 eorporis
529 1426 613 1480 iorma
626 1466 634 1491 ,
648 1434 808 1481 clatrorum
821 1428 919 1498 ignium
933 1427 1015 1482 vonti-

222 1525 266 1573 tns
278 1515 313 1572 ab
327 1531 359 1571 eo
373 1516 526 1574 deterrebat
540 1517 677 1572 hominnm
691 1519 865 1584 societatem;
881 1517 949 1574 torte
960 1532 1015 1574 non

222 1606 338 1662 nocendi
352 1607 507 1678 cupiditate.
524 1607 572 1663 scd
586 1608 692 1663 vivendi
707 1608 864 1665 necessitate
876 1607 1014 1664 seviebat.

224 1695 325 1754 Verum
346 1699 397 1755 iste
417 1714 469 1754 non
492 1699 580 1767 inerit,
596 1701 656 1767 vel,
671 1701 740 1771 qnod
756 1702 839 1772 viragis
851 1700 1016 1757 crcdendnm

224 1798 277 1855 est,
293 1789 353 1846 talis
366 1805 419 1844 non
433 1789 524 1858 suerit,
537 1791 624 1862 qualis
637 1792 753 1847 vanitate
768 1792 871 1862 poetica
886 1790 1017 1847 describi·

225 1891 269 1939 tur
281 1881 354 1952 anisi
368 1883 439 1938 enim
449 1883 528 1937 rriruis
540 1892 712 1938 aoerrsaretur
724 1880 820 1950 (Ιιιιιι,
835 1898 928 1954 parum
947 1882 1016 1939 ller-

225 1972 300 2028 eules
326 1972 488 2031 laudaretur.
512 1974 585 2030 Talis
599 1990 663 2046 ergo
677 1975 769 2043 homo,
780 1975 839 2030 sive
856 1973 1016 2039 semihomo,

227 2064 334 2132 melius,
350 2075 379 2120 ut
393 2066 458 2132 dixi,
475 2067 594 2122 creditur
608 2083 661 2121 non
675 2068 767 2134 luisse,
781 2066 851 2123 sieut
871 2067 952 2141 multa
968 2066 1017 2138 irg-

226 2168 316 2214 ntenta
334 2167 482 2228 poctarum.
504 2158 570 2229 ipsse
592 2161 663 2216 enim
682 2160 837 2216 saevissimac
856 2160 930 2228 lerru,
947 2159 1018 2216 unde

227 2249 1017 2324 illcpartemhabnitleritatlshrametsemilcrnsdictusest)

226 2337 1017 2414 (Virgil.,AEncid‚lib.8,u.2lii),genuspropriumquadarn

227 2447 294 2503 pace
306 2434 469 2502 custodiunt,
484 2435 625 2500 coeundo,
637 2434 781 2506 gignendo.
799 2433 936 2505 pariendo,
950 2434 1018 2491 ictus

226 2522 342 2579 larundo
353 2533 436 2595 atque
450 2526 603 2593 nutriendo,
615 2541 675 2580 curn
691 2526 745 2581 sint
758 2525 892 2596 pleneque
904 2524 1020 2580 insocia-

227 2613 297 2671 biles
319 2625 347 2671 et
365 2616 490 2687 solivngm
505 2634 511 2670 :
527 2632 581 2673 non
598 2617 700 2673 seilicet
722 2626 751 2671 ut
771 2630 846 2684 oves,
866 2617 949 2682 cervi,
971 2631 1017 2672 co-

225 2705 447 2776 inminentem,
468 2723 552 2779 apes;
568 2708 615 2765 sed
627 2718 656 2764 ut
667 2709 769 2775 leones,
789 2709 892 2780 vulpes,
911 2709 1017 2780 aquilas,

228 2807 344 2855 noetuae.
369 2799 433 2868 Quae
447 2800 517 2855 enim
531 2800 605 2871 tigris
618 2817 672 2855 non
685 2800 746 2856 ntits
757 2801 813 2857 suis
825 2801 896 2856 mitis
910 2801 1020 2856 immur-

228 2899 336 2958 murat,
363 2901 390 2947 et
409 2901 501 2962 pacata
524 2892 630 2950 lenitate
648 2892 803 2949 blanditur?
827 2893 886 2962 quis
912 2893 1018 2962 ruiivns,

228 2984 423 3054 quantumlibet
434 2985 675 3055 solitariusrapinis
687 2985 871 3051 circumvolet,
886 3001 939 3040 non
952 3000 1019 3041 con·

227 3073 329 3146 jugium
342 3075 459 3145 copulat,
471 3075 561 3132 nidum
576 3077 705 3148 congerit,
720 3092 770 3132 ova
783 3076 919 3143 confovet,
933 3077 1021 3148 pullos

228 3167 294 3234 alit,
308 3174 336 3222 et
348 3167 424 3237 qnasi
437 3182 497 3223 curm
516 3183 565 3222 sua
579 3167 777 3224 matrefamilias
801 3170 955 3225 societatem
969 3168 1021 3225 do-

228 3256 367 3313 mesticam
381 3267 478 3328 quanm
494 3266 581 3328 potest
598 3273 664 3330 pace
677 3260 837 3315 conservati
851 3259 956 3326 eranto
969 3275 1022 3314 ma·

229 3349 271 3420 gis
291 3349 372 3405 homo
385 3350 469 3407 lertnr
482 3352 679 3420 quodammodo
690 3363 791 3408 naturas
805 3370 861 3410 ιιι
873 3354 977 3425 legibus
986 3355 1021 3413 ad

230 3443 374 3500 ineundam
405 3445 560 3500 societatem
588 3460 734 3515 pacemque
759 3461 820 3503 cum
852 3445 1019 3511 lrnminihns,

229 3546 359 3606 quantum
381 3528 483 3606 inipso
506 3545 557 3603 cst,
582 3537 706 3593 omnibus
726 3537 899 3593 obtinendam
926 3555 933 3590 :
959 3553 1021 3594 curn

231 3629 311 3685 etiam
327 3630 389 3683 mali
403 3645 451 3700 pro
473 3645 538 3698 paee
551 3644 659 3684 suornm
674 3630 844 3700 belligerent,
861 3645 1021 3701 omnesque,

231 3719 254 3775 si
269 3721 383 3789 possint,
398 3735 461 3774 suos
481 3719 570 3776 lacere
581 3721 673 3786 velint,
686 3729 716 3776 ut
727 3721 771 3775 uni
784 3722 873 3777 cuncti
888 3730 915 3777 et
926 3729 1022 3777 ervncta

230 3809 395 3876 deserviant;
419 3828 473 3884 qno
495 3824 583 3884 pacto,
610 3813 661 3869 nisi
683 3814 711 3870 in
732 3814 790 3883 ejus
814 3829 906 3886 pacem
932 3815 953 3881 ¹,
980 3815 1023 3871 vel

232 3903 358 3969 amando,
373 3904 416 3961 vel
428 3906 545 3963 timendo
557 3906 743 3962 consentiant?
757 3906 801 3965 Sic
814 3909 885 3964 enim
899 3908 1022 3978 superbia

231 4009 358 4065 perverse
378 3996 497 4052 imitatur
522 3998 617 4053 Deum.
641 3997 703 4053 (ldit
728 4014 845 4069 namque
858 4013 920 4054 enm
941 3998 1023 4056 sociis

231 4087 409 4156 equalitatem
424 4089 474 4145 surb
495 4089 561 4145 illo:
577 4088 626 4144 scd
649 4089 789 4158 imponere
804 4090 861 4145 vurlt
874 4090 955 4146 sociis
971 4089 1023 4146 do·

233 4178 407 4237 minationem
424 4196 500 4237 snam
520 4197 569 4251 pro
592 4181 648 4237 illo.
662 4181 725 4238 Odit
736 4197 800 4254 ergo
809 4181 909 4253 justam
930 4197 1022 4252 pacem

232 4269 281 4326 uer
293 4278 321 4324 et
330 4280 403 4326 amat
415 4271 531 4341 iniquam
548 4287 642 4342 pacem
653 4288 727 4328 snam
743 4291 749 4326 :
764 4289 817 4329 non
827 4288 918 4329 amare
932 4282 1022 4331 nmen

232 4365 456 4437 qualemcumque
480 4382 572 4436 pacem
592 4368 668 4423 nullo
692 4367 774 4424 modo
796 4377 895 4440 potest.
916 4368 1023 4425 Nullum

233 4458 332 4530 qnippe
344 4459 436 4513 vitium
453 4460 488 4514 ila
503 4469 596 4514 eontra
608 4469 729 4516 naturam
743 4469 795 4524 est,
811 4471 840 4517 ut
856 4471 959 4517 araturae
978 4461 1025 4518 de·

234 4550 289 4608 leat
301 4550 380 4606 etlam
394 4558 513 4605 extrema
527 4549 648 4620 vestigia.

271 4642 298 4697 ὅ.
315 4642 407 4713 ltaque
425 4654 518 4710 pacem
533 4640 683 4711 iniquorum
700 4641 728 4695 in
740 4641 813 4711 pacis
827 4643 1026 4712 comparatione

234 4732 369 4804 iustorum
379 4733 424 4789 ille
435 4732 516 4795 videt.
527 4747 577 4788 nec
589 4746 680 4801 paoem
692 4747 753 4787 csse
764 4731 915 4793 dicendam.
923 4735 967 4803 qui
979 4749 1026 4788 uo·

235 4824 275 4880 vit
296 4839 452 4895 prarponere
477 4833 549 4879 recta
569 4823 658 4895 pravis
682 4832 710 4878 et
733 4821 856 4878 ordinata
877 4824 1024 4892 perversis.

235 4919 312 4991 Qurod
326 4933 415 4979 antem
423 4937 578 4994 perversum
591 4912 642 4985 es't,
666 4922 717 4978 hoe
728 4922 809 4979 etiam
823 4936 933 4978 necesse
945 4931 1027 4979 estut

237 5014 266 5069 in
283 5015 370 5084 aliqua
384 5025 410 5072 et
422 5032 455 5072 ex
468 5017 556 5087 aliqua
568 5026 667 5072 etcum
687 5017 773 5086 aliqna
787 5031 877 5071 rerum
891 5029 966 5086 parte
978 5030 1026 5086 pa·

236 5116 326 5160 catum
339 5107 383 5171 sit,
399 5107 426 5162 in
440 5108 536 5178 quibus
548 5117 601 5175 est,
611 5108 654 5164 vel
665 5123 701 5164 ex
715 5107 811 5178 quibus
822 5116 943 5175 constan
959 5109 1027 5163 alio·

238 5199 303 5268 quin
323 5198 389 5253 nihil
403 5210 475 5256 esset
496 5201 616 5257 omnino.
631 5200 712 5257 Velut
732 5201 755 5256 si
778 5200 918 5271 quisquam
940 5199 1028 5271 capite

238 5293 364 5349 deorsum
374 5293 498 5362 pendeat,
510 5308 652 5364 perversus
664 5303 705 5349 est
719 5294 810 5363 ntiqne
822 5294 890 5348 situs
907 5292 1028 5363 corporis

238 5394 267 5440 et
279 5383 347 5440 ordo
359 5383 539 5440 membrorum
550 5401 558 5450 ;
571 5385 632 5456 qnia
649 5384 675 5440 id
691 5385 762 5455 quod
775 5385 892 5455 desuper
905 5398 966 5441 esse
980 5400 1028 5440 na·

239 5488 298 5534 tura
308 5475 434 5549 postnlat,
446 5475 537 5531 subter
543 5485 594 5537 est.
608 5485 635 5531 et
647 5476 718 5547 quod
727 5476 770 5530 illa
783 5475 876 5531 subter
888 5474 945 5529 vult
956 5488 1025 5538 esse,

238 5570 356 5640 desuper
370 5568 467 5624 lactum
482 5577 543 5630 est:
556 5565 745 5623 conturbavit¹
760 5567 848 5623 carnis
863 5577 955 5637 pacem
977 5565 1028 5621 ista

272 5659 570 5775 ξῗιιέιὲιὶιὲισίριὶ.ῖιιιιί
582 5671 649 5714 ιιιο.
661 5657 802 5771 ambri-e
961 5715 968 5730 .

274 5728 711 5844 menatenam.
755 5721 1026 5784 ,ranna

714 299 759 355 ott
775 295 936 357 civitam
951 299 1026 379 lilii,
1041 299 1072 357 S.
1092 297 1275 357 tuodstttn

1067 410 1244 481 perversitas,
1258 418 1286 466 et
1301 408 1361 466 ideo
1371 418 1413 466 est
1424 409 1536 466 molesta
1553 427 1561 464 a
1577 417 1764 467 verumtamen
1773 411 1861 466 eninm

1063 502 1168 572 corpori
1180 515 1229 557 sno
1243 511 1335 570 pacata
1358 512 1410 566 est,
1431 511 1459 557 et
1471 517 1520 573 pro
1533 500 1592 570 ejus
1603 501 1691 558 salute
1703 501 1814 572 satagit,
1832 509 1862 558 et

1064 594 1125 650 ideo
1138 603 1180 649 est
1193 592 1237 664 qui
1246 593 1355 660 dolcat;
1369 608 1428 663 quae
1438 594 1460 648 si
1473 593 1602 650 molestiis
1616 592 1675 664 ejus
1684 592 1794 650 exclusa
1806 593 1863 662 dis-

1063 686 1190 752 cesserit,
1210 685 1326 756 quandiu
1342 685 1522 741 membrorum
1539 694 1628 744 manet
1646 701 1795 758 compago.
1808 702 1863 743 uon

1064 777 1176 834 estsine
1187 776 1299 848 quadam
1313 778 1429 848 partium
1444 792 1510 847 pace
1524 777 1596 848 quod
1610 788 1744 843 ternanet,
1759 786 1787 833 et
1802 777 1864 834 ideo

1065 859 1153 917 adhoc
1172 862 1271 932 estqui
1297 861 1420 932 pendeat.
1436 862 1469 918 Et
1484 862 1556 933 quod
1570 869 1707 918 terrenum
1721 877 1823 933 eorpus
1838 863 1865 916 in

1066 962 1163 1007 terram
1185 951 1287 1018 nititur,
1309 961 1337 1007 et
1349 951 1456 1007 vinculo
1468 967 1521 1022 qno
1534 967 1693 1022 suspensum
1715 962 1759 1008 cst
1771 953 1864 1008 reniti·

1066 1049 1118 1108 tur,
1133 1041 1159 1096 in
1170 1054 1224 1097 snrc
1236 1042 1307 1111 pacis
1319 1042 1440 1097 ordinem
1450 1041 1545 1108 tendit,
1556 1042 1679 1097 etioenm
1693 1056 1748 1113 quo
1761 1044 1867 1113 requie-

1066 1141 1122 1188 scat
1134 1131 1331 1202 quodammodo
1351 1131 1477 1203 ponderis
1492 1147 1556 1188 voce
1570 1133 1664 1202 puscit,
1677 1134 1791 1204 jamque
1799 1149 1866 1190 exa·

1066 1221 1138 1277 nime
1145 1222 1302 1279 acsineulto
1311 1238 1401 1288 sensu,
1414 1238 1429 1278 a
1441 1238 1505 1294 pace
1514 1233 1602 1278 tamen
1614 1223 1728 1280 naturali
1743 1226 1785 1280 sui
1796 1225 1867 1280 ordi·

1067 1313 1109 1370 nis
1122 1330 1173 1369 non
1189 1314 1354 1376 recedit,ch
1366 1331 1426 1372 curn
1437 1324 1510 1371 tenet
1520 1330 1591 1382 eam,
1606 1316 1648 1371 rel
1660 1332 1722 1371 curn
1734 1313 1821 1372 lertur
1834 1314 1868 1372 ad

1066 1422 1137 1464 eam.
1151 1405 1178 1463 Si
1190 1407 1260 1463 enim
1273 1407 1452 1464 adhibeantur
1473 1407 1676 1475 medicamenta,
1692 1418 1776 1480 atque
1785 1425 1868 1464 cura·

1068 1499 1116 1568 tio,
1136 1498 1317 1571 quaelormam
1332 1498 1471 1556 cadaveris
1484 1499 1593 1554 dissolvi
1613 1500 1748 1570 dilabique
1767 1517 1826 1563 non
1836 1502 1869 1556 si·

1068 1592 1141 1658 nat¹,
1156 1591 1243 1648 adlruc
1258 1609 1308 1663 pax
1324 1591 1445 1663 qondam
1461 1603 1549 1662 partes
1571 1593 1689 1663 partibus
1706 1593 1808 1664 jungit,
1825 1603 1869 1649 to·

1069 1691 1177 1756 uimque
1188 1684 1285 1739 molem
1296 1684 1411 1755 applicat
1424 1693 1531 1740 terreno
1541 1692 1568 1739 et
1580 1684 1764 1749 convenienti,
1774 1699 1806 1739 ac
1821 1700 1870 1755 per

1069 1773 1121 1831 lroc
1152 1775 1214 1830 loco
1232 1774 1377 1846 pacato.Si
1404 1783 1493 1830 antem
1520 1773 1591 1829 nulla
1624 1774 1785 1830 adhibeatur
1804 1789 1870 1831 cura

1068 1862 1209 1920 cotidiendi
1221 1867 1243 1930 ¹,
1261 1864 1310 1920 sed
1331 1864 1443 1919 naturali
1465 1862 1554 1919 etrrsui
1578 1863 1754 1935 relinquatur,
1767 1864 1869 1927 tamdiu

1069 1957 1144 2028 quasi
1179 1958 1351 2013 tumultuatur
1379 1955 1569 2013 dissidentibus
1597 1958 1807 2015 exaltationibus
1840 1967 1870 2014 et
1914 1956 1919 1965 ’

1070 2055 1163 2104 nostro
1182 2048 1426 2105 inconvenientibus
1444 2050 1535 2105 sensui
1557 2066 1564 2102 t
1590 2048 1614 2104 id
1642 2050 1713 2104 enim
1739 2049 1872 2120 estquod

1069 2135 1097 2194 in
1122 2148 1215 2210 putore
1241 2141 1371 2206 sentitur,
1398 2139 1485 2216 donec
1517 2139 1608 2194 mundi
1636 2141 1782 2196 conveniat
1811 2141 1869 2196 ele·

1069 2230 1177 2297 mentis,
1193 2239 1221 2287 et
1234 2230 1261 2286 in
1272 2247 1365 2288 eorum
1387 2247 1478 2301 pacem
1492 2231 1672 2302 particulatim
1686 2233 1870 2303 paulatimque

1069 2323 1198 2380 discedat.
1225 2324 1304 2382 anlo
1328 2324 1408 2380 morlo
1435 2336 1522 2380 tamen
1552 2325 1614 2380 indc
1637 2325 1738 2397 aliquid
1762 2325 1870 2396 legibus

1070 2417 1167 2472 summi
1182 2416 1252 2472 illins
1264 2416 1399 2473 creatoris
1420 2416 1640 2485 Ordinaturisquc
1659 2415 1870 2482 subtrnlritur,a

1070 2521 1124 2577 quo
1145 2522 1197 2577 pax
1220 2507 1403 2563 universitatis
1422 2506 1624 2562 administratur
1646 2525 1654 2560 ε
1676 2507 1739 2578 quia
1764 2508 1816 2562 etsi
1835 2507 1871 2564 de

1070 2590 1203 2647 cadavere
1216 2590 1325 2661 majoris
1345 2591 1488 2663 animantis
1496 2590 1622 2645 ‘animalia
1637 2591 1739 2645 minuta
1755 2605 1871 2647 nascan-

1072 2689 1134 2748 tur,
1151 2682 1244 2739 eadem
1258 2682 1316 2754 lege
1333 2682 1467 2738 Creatoris
1486 2697 1598 2753 qunque
1611 2683 1770 2750 corpuscula
1793 2683 1820 2737 in
1832 2698 1871 2738 sa·

1071 2772 1133 2829 lutis
1148 2789 1214 2846 pace
1237 2775 1293 2831 suis
1306 2774 1431 2831 animulis
1446 2774 1590 2831 ¹serviunt
1605 2795 1613 2830 ι
1630 2775 1681 2829 etsi
1701 2784 1871 2830 mortuorum

1071 2879 1168 2921 carnes
1181 2865 1216 2920 ab
1234 2866 1293 2921 aliis
1306 2866 1465 2922 animalibus
1478 2863 1651 2930 devorentur,
1672 2864 1782 2921 eusdem
1800 2867 1872 2937 leges

1072 2972 1121 3028 per
1135 2965 1230 3013 cnncta
1246 2955 1355 3012 dilinsns
1368 2955 1400 3011 ad
1413 2956 1524 3011 salutem
1537 2955 1643 3026 generis
1655 2954 1786 3026 cujusque
1800 2971 1872 3008 ntor·

1072 3046 1176 3109 talium,
1190 3061 1309 3116 congrua
1322 3046 1449 3117 congruis
1460 3044 1641 3116 pacificantes,
1655 3058 1873 3115 quaquaversum

1072 3136 1220 3205 trahantur,
1232 3147 1260 3193 ct
1272 3137 1352 3193 rohns
1363 3136 1572 3207 quibuscumque
1582 3135 1739 3206 Jungantur,
1751 3147 1778 3189 et
1789 3136 1816 3189 in
1829 3151 1872 3190 res

1072 3229 1204 3302 quaslibet
1222 3238 1410 3285 convertantur
1429 3238 1457 3283 et
1483 3236 1698 3291 commutentur,
1719 3224 1871 3281 inveniunt.

1063 3343 1186 3415 ¹CAPUT
1205 3343 1275 3399 xltt.
1289 3373 1325 3385 -
1338 3342 1377 3400 De
1399 3358 1462 3413 poce
1481 3341 1627 3406 universali,
1647 3355 1705 3411 qnae
1716 3340 1783 3394 inter
1799 3355 1875 3408 qvas·

1109 3435 1169 3491 libet
1183 3435 1383 3506 perturbationes
1403 3434 1497 3504 prisnei
1518 3448 1568 3486 non
1592 3441 1673 3500 potest
1694 3431 1750 3498 lcqe
1762 3439 1873 3495 nutura,

1110 3527 1171 3581 dnm
1180 3525 1306 3597 subiecto
1322 3525 1412 3597 judice
1431 3526 1465 3579 ud
1477 3525 1504 3578 id
1514 3524 1619 3594 quisque
1632 3522 1749 3594 peruenit
1762 3522 1872 3576 ordine·

1110 3617 1187 3683 tione,
1200 3616 1268 3687 qnod
1281 3617 1370 3670 ιιιιιὶι
1380 3616 1516 3669 uoluntate.

1110 3730 1136 3784 l.
1152 3728 1205 3784 Par
1222 3729 1311 3798 itaque
1333 3727 1470 3796 corporis,
1484 3734 1528 3782 est
1548 3724 1670 3781 ordinata
1692 3733 1876 3796 temperatura

1074 3821 1201 3891 partium.
1226 3818 1280 3874 Pax
1303 3820 1400 3874 anime
1423 3818 1596 3881 irrationalis,
1619 3817 1741 3872 ordinata
1764 3819 1874 3887 requies

1074 3911 1277 3981 appetitionum.
1299 3909 1353 3964 Pax
1368 3907 1468 3963 animm
1487 3909 1634 3975 rationalis,
1647 3908 1770 3964 ordinata
1782 3911 1876 3981 cogni-

1076 4003 1155 4058 tionis
1167 4001 1332 4069 actinnisque
1345 4000 1496 4056 consensio.
1512 3998 1567 4054 Pax
1578 4000 1699 4070 corporis
1712 4007 1741 4055 et
1765 4001 1875 4067 animae,

1076 4093 1196 4149 ordinata
1210 4093 1264 4147 vitn
1274 4101 1302 4147 et
1316 4092 1389 4147 salus
1403 4091 1558 4146 animantis.
1575 4091 1628 4146 Par
1641 4090 1760 4147 hominis
1772 4103 1873 4147 morta-

1076 4186 1109 4243 lis
1121 4196 1149 4242 et
1161 4186 1207 4241 liei
1221 4185 1242 4249 ¹,
1254 4184 1375 4240 ordinata
1386 4185 1412 4238 in
1428 4184 1479 4239 lide
1489 4185 1540 4238 sub
1551 4191 1651 4238 aeterna
1665 4183 1722 4253 lege
1734 4182 1868 4240 obedien·

1077 4279 1123 4335 tia.
1138 4278 1193 4335 Pax
1213 4278 1361 4345 hominum,
1380 4277 1501 4333 ordinata
1520 4273 1674 4331 concordia.
1688 4275 1743 4330 Pax
1765 4275 1874 4342 domus,

1076 4373 1198 4429 ordinata
1212 4372 1358 4441 imperandi
1371 4380 1452 4440 atque
1469 4368 1609 4425 obulicndi
1629 4367 1773 4423 concordia
1788 4368 1872 4426 coha-

1076 4464 1229 4521 bitantium.
1251 4463 1304 4519 Pax
1330 4461 1459 4525 civitatis,
1476 4461 1598 4515 ordinata
1620 4459 1767 4530 imperandi
1791 4469 1874 4530 atqne

1077 4555 1219 4612 obediendi
1239 4552 1382 4610 concordia
1406 4550 1585 4607 civinm.Pa1
1606 4549 1725 4606 coelcstis
1743 4550 1872 4616 civitatis,

1078 4647 1275 4704 ordinatissima
1288 4652 1316 4701 et
1326 4642 1535 4699 concordissima
1557 4640 1673 4696 societas
1693 4640 1801 4696 iruerrdi
1817 4641 1875 4696 lien

1078 4749 1107 4796 et
1116 4739 1230 4795 invicem
1243 4737 1269 4792 in
1292 4736 1356 4791 Deo.
1372 4734 1425 4789 Pau
1441 4732 1559 4789 omnium
1573 4746 1682 4798 rerum,
1697 4731 1877 4801 tranquillitas

1077 4831 1189 4887 ordinis.
1214 4829 1287 4885 Ordo
1313 4836 1354 4883 est
1374 4827 1478 4897 parium
1501 4825 1700 4894 disparinmquc
1720 4839 1813 4881 rerum
1826 4840 1875 4880 sna

1079 4925 1177 4995 cuique
1191 4923 1249 4979 loca
1260 4922 1379 4977 tribuens
1394 4917 1544 4988 dispositio.
1560 4915 1674 4971 Proinde
1684 4916 1786 4983 miseri,
1800 4917 1874 4987 qnia,

1078 5015 1247 5085 inquantum
1272 5010 1363 5067 miseri
1386 5017 1458 5073 sunt,
1475 5007 1565 5077 tutique
1587 5006 1613 5060 in
1639 5020 1704 5076 pace
1723 5021 1776 5062 non
1795 5017 1875 5072 sunt,

1080 5104 1272 5175 tranquillitate
1289 5100 1396 5170 quidem
1412 5098 1516 5156 ordinis
1533 5105 1635 5160 carent,
1649 5096 1695 5151 nbi
1709 5097 1877 5166 perturbatio

1080 5197 1152 5253 nulla
1166 5203 1208 5252 est
1224 5200 1428 5250 :verumtamen
1444 5190 1505 5261 quia
1527 5187 1623 5243 merito
1641 5186 1766 5258 justeque
1783 5187 1877 5243 miseri

1080 5297 1152 5357 sunt,
1166 5288 1192 5343 in
1205 5302 1237 5343 ea
1250 5299 1355 5357 quoque
1378 5282 1434 5356 ipsa
1458 5297 1506 5339 sua
1520 5279 1626 5336 miseria
1643 5288 1741 5349 praeter
1753 5279 1877 5336 ordinem

1112 5466 1121 5498 ¹
1134 5462 1184 5514 sola
1195 5461 1268 5512 editio
1279 5468 1344 5519 tuom,
1355 5457 1441 5510 mont.

1111 5517 1472 5582 ¹poeniendum,consulendi¹
1520 5525 1549 5567 rt.
1668 5576 1674 5586 g
1810 5575 1816 5586 ,
1862 5575 1868 5586 ,

1113 5577 1546 5659 ’γιαι.ιιιω.,ιιιωιιωιιιιι.
1567 5573 1755 5636 nmunihuss,
1776 5587 1877 5627 ιιιιιιι-

1079 5649 1203 5838 zuram,
1217 5704 1547 5766 ennnmnrtoliembest,
1559 5696 1878 5765 commonuerat
