3900 6390
230 313 287 375 m
757 307 983 368 beethmoth
1003 307 1068 376 bot,
1084 309 1114 366 S.
1134 302 1319 370 tuobsttht
1814 310 1871 370 588

231 427 364 499 cuatonis
385 435 414 486 et
431 427 548 501 hasulis
566 425 735 498 imperabat,
749 427 868 484 relaxata
886 426 1021 497 alimenta
1076 426 1211 495 coemtoue
1233 426 1383 484 Romanum
1400 426 1566 484 :utscilicet
1577 425 1804 498 quemadmodum
1824 445 1870 486 ro-
1894 441 1901 463 ⁹

231 521 385 596 captivitate
398 519 560 584 iudaeorum,
576 518 767 590 qulnquaginta
782 517 864 573 millia
882 517 1021 572 bominum
1072 517 1118 587 gni
1132 518 1300 590 Assyriorum
1314 519 1399 589 primo
1413 529 1533 589 tempore
1547 521 1649 577 exstitit
1662 522 1808 587 tombam,
1824 522 1870 580 eui

232 630 267 672 ex
289 612 380 669 elaad
402 611 603 668 instaurandum
627 611 755 682 templum
778 608 882 677 regredi
896 607 959 665 lecit
971 608 1020 680 (a).
1075 608 1264 680 promissiones
1275 612 1451 681 apertissimae
1466 612 1560 669 ilerent
1573 613 1601 669 in
1620 614 1678 683 ejus
1701 615 1804 670 serotine
1816 617 1868 672 bo·

231 707 255 761 A
274 703 370 774 quibus
387 711 488 756 tautum
510 701 593 772 prima
605 709 693 769 empta
706 698 878 765 landantina,
892 707 919 753 et
939 698 1022 753 altare
1074 697 1232 754 mediationis
1245 701 1362 756 orrrnium
1377 703 1494 772 gentium
1509 720 1517 764 ;
1539 704 1575 757 ila
1588 704 1765 761 occidentalis
1779 706 1870 778 Baby·

230 802 413 850 consumtum
427 802 479 849 est.
503 791 702 849 incursantibus
716 799 805 846 allieni
821 790 952 855 hostibus,
972 804 1020 846 ne·
1073 786 1272 853 lonlsexordiu,
1282 807 1331 862 qtta
1345 790 1561 849 iueraleristus
1572 793 1871 864 imperantetemurus,

232 901 364 957 quaquam
379 884 502 955 progredi
519 883 677 940 redilicautlo
693 882 844 950 valuerant,
858 882 1021 953 dilatamque
1075 877 1104 934 in
1117 894 1171 950 qtto
1192 880 1365 948 impleremur
1385 882 1429 938 illa
1443 883 1574 952 promissa
1587 885 1694 939 oracula
1717 884 1871 954 Propheta·

233 990 302 1044 opus
325 983 367 1030 esl
383 973 515 1046 usquead
529 974 648 1029 Darium.
673 973 807 1029 Periclem
823 983 928 1043 tempos
941 973 1020 1028 ctiam
1074 982 1144 1035 rum,
1165 985 1218 1024 non
1243 971 1329 1026 solum
1352 971 1527 1043 loquentium,
1541 989 1633 1029 aarum
1651 975 1730 1030 etiam
1745 976 1871 1031 scriben-

234 1065 278 1123 tlla
303 1075 367 1122 tunt
388 1075 474 1136 gesta,
494 1082 553 1137 quae
580 1065 730 1134 conscripta
755 1071 816 1119 tum
834 1064 860 1118 in
884 1064 951 1120 libro
972 1063 1021 1119 iu·
1074 1060 1141 1116 tium
1167 1062 1193 1116 in
1213 1070 1293 1118 tantm
1316 1063 1355 1118 rei
1374 1063 1470 1119 loturae
1492 1065 1672 1121 testiinonium
1688 1067 1871 1123 solveremur.

231 1156 290 1215 ditlt
307 1155 346 1230 (h)
361 1175 368 1211 ε
386 1171 466 1228 quaro
480 1171 545 1212 saue
563 1155 591 1211 in
603 1169 705 1211 canone
718 1155 914 1225 seripturarum
936 1153 1022 1209 iudaei
1073 1151 1142 1209 Cam
1152 1152 1223 1209 enim
1239 1154 1377 1226 propbeta
1390 1171 1522 1226 nunquam
1538 1157 1595 1214 iere
1611 1156 1760 1215 defuissem
1771 1160 1872 1230 populo

232 1263 286 1307 non
313 1250 448 1319 recepisse
468 1247 602 1303 dicuutur.
626 1245 681 1303 Sub
692 1245 772 1302 Dario
786 1259 851 1316 ergo
868 1261 930 1316 rege
955 1245 1022 1301 Per·
1073 1239 1165 1307 lsrael,
1179 1259 1212 1299 ex
1223 1260 1276 1315 quo
1289 1245 1325 1301 ihi
1339 1261 1415 1317 reges
1426 1261 1487 1304 esse
1500 1258 1649 1318 coeperunt,
1669 1249 1696 1304 in
1717 1264 1796 1306 usum
1813 1262 1872 1306 taa-

232 1355 323 1398 sarum
352 1339 469 1410 impletis
490 1339 658 1409 septuaginta
683 1337 783 1401 annis,
807 1351 876 1408 quus
893 1336 1022 1393 temmtas
1074 1336 1212 1392 tummodo
1225 1353 1317 1392 eorum
1331 1336 1415 1401 lucre,
1432 1342 1613 1411 nongentium
1630 1359 1636 1395 :
1653 1343 1762 1413 ornando
1776 1353 1868 1400 autern

232 1430 361 1503 propheta
377 1430 558 1500 praedixerat,
579 1428 682 1485 reddita
701 1438 742 1484 est
757 1426 858 1484 iudaeis
872 1427 959 1483 saluta
977 1441 1022 1482 ct-
1073 1439 1105 1480 ea
1116 1426 1246 1496 scriptura
1267 1427 1599 1500 nranilestinsprophetica
1612 1432 1794 1498 condebatur,
1809 1449 1871 1504 qum

232 1522 354 1595 ptieitate
365 1521 484 1588 libertas,
497 1529 626 1591 regnante
637 1520 818 1575 Romanorum
830 1517 945 1587 septimo
959 1532 1022 1586 rege
1073 1518 1197 1589 gentihus
1216 1520 1374 1589 quartdoque
1389 1520 1537 1591 prodesset,
1563 1531 1626 1578 toric
1645 1524 1788 1594 oportebat
1802 1525 1871 1580 iuci-

232 1610 388 1684 Tarquinio.
413 1612 472 1680 Quo
485 1611 597 1682 expulso
611 1611 691 1667 etiarn
706 1609 756 1680 ipsi
771 1624 786 1663 a
808 1624 899 1678 rogum
912 1623 1021 1663 suorum
1074 1617 1150 1677 peret
1163 1609 1185 1676 ¹,
1197 1609 1303 1680 quando
1309 1610 1474 1667 condebatur
1486 1610 1544 1669 haec
1555 1613 1658 1680 civitas,
1673 1630 1733 1685 quae
1743 1615 1869 1686 gentihus

231 1704 412 1763 mutiuatione
423 1705 500 1761 liberi
513 1712 730 1774 essocoeporuot.
744 1701 834 1772 Usque
843 1700 877 1756 ad
889 1699 942 1757 hoc
956 1711 1022 1756 tem-
1074 1701 1227 1770 imperaret.

231 1778 283 1869 pos
298 1795 444 1866 Prophetas
456 1794 549 1849 haltuit
564 1794 678 1864 populns
689 1792 791 1849 lsrael:
810 1792 855 1862 aph
869 1807 930 1848 cum
946 1791 1022 1846 multi
1073 1810 1186 1870 cgpgp
1204 1811 1365 1870 nupta-
1373 1813 1413 1868 De
1426 1814 1466 1869 ab
1478 1831 1534 1886 qua
1547 1817 1582 1871 od
1594 1815 1763 1889 Euangeliou
1773 1817 1869 1876 Christi

231 1885 342 1952 itterint,
355 1900 499 1957 paucorum
513 1892 541 1939 et
552 1881 623 1952 apud
634 1881 742 1938 iudans
756 1889 784 1937 et
792 1881 862 1952 apud
874 1895 923 1936 nos
937 1895 1021 1936 cano·
1158 1906 1290 1974 pag-mm,
1304 1906 1366 1977 qm
1377 1905 1440 1961 οδω
1450 1915 1473 1960 e,
1482 1906 1559 1962 ΑΜ
1569 1909 1782 1980 prophetaverim·

230 1977 293 2036 ttict
315 1977 414 2049 scripta
428 1977 437 2010 ¹
457 1977 615 2032 retinentur.
629 1975 668 2030 lle
682 1974 780 2046 quihus
792 1990 836 2029 rue
847 1975 934 2043 aliqua
948 1973 1021 2044 posi·

230 2079 321 2127 tumm
344 2082 404 2124 esse
424 2067 534 2139 promisi
554 2067 581 2121 in
602 2066 654 2121 ltuc
675 2065 762 2130 libro,
782 2080 843 2120 cum
869 2064 1021 2120 clauderem

230 2159 409 2232 abporiorem,
422 2157 493 2230 quod
503 2157 559 2229 jam
572 2156 649 2212 uideo
659 2171 720 2212 esse
734 2155 896 2212 iaciendum.

1108 2015 1178 2072 bsoo
1198 2016 1279 2087 igitur
1301 2015 1428 2087 propbeta
1441 2057 1449 2084 ,
1464 2027 1564 2088 qttauto
1589 2017 1745 2089 prolundius
1758 2020 1867 2091 quidem

1073 2104 1210 2176 loquitur,
1237 2115 1310 2161 latito
1335 2107 1475 2178 operosius
1500 2118 1664 2178 penetratur.
1689 2109 1742 2166 Sed
1767 2113 1867 2183 alitgttid

1074 2196 1136 2253 iude
1157 2197 1314 2253 sumemlurn
1338 2207 1398 2265 est,
1413 2207 1441 2254 et
1463 2199 1506 2254 hic
1526 2216 1559 2255 ex
1583 2210 1672 2256 nostra
1689 2204 1867 2272 promissione

229 2274 344 2335 CAPUT
373 2273 481 2331 nvn·
510 2301 549 2315 ··
577 2272 617 2328 ”⁶
641 2271 794 2342 'emllffl'fbm
823 2270 1020 2341 ΡΜΡΜΜΜ,
1074 2288 1237 2358 ponendum.
1255 2288 1288 2342 Et
1302 2290 1358 2355 erit,
1375 2290 1470 2360 inattit,
1486 2291 1513 2345 in
1528 2289 1583 2345 loco
1597 2309 1646 2360 guo
1660 2293 1755 2347 dictum
1769 2305 1807 2349 est
1820 2299 1866 2362 eit,

263 2383 371 2441 quanm
401 2365 505 2422 oracula
530 2364 651 2420 habemur
680 2364 707 2418 ln
731 2363 821 2426 ttoni,-
852 2363 941 2432 issfiuss
963 2371 1023 2414 ΝΜ
1074 2377 1137 2433 Nou
1151 2380 1259 2451 pupulus
1273 2397 1343 2434 nimi
1357 2396 1409 2448 aar,
1424 2383 1579 2435 uocabantur
1592 2392 1615 2436 et
1630 2383 1679 2452 ipsi
1693 2385 1743 2453 filit
1758 2384 1807 2440 oet
1820 2388 1867 2440 oiri

264 2460 297 2516 de
308 2459 436 2514 acutione
450 2455 567 2512 Geult'tml
587 2457 667 2510 mulla
679 2455 838 2519 cecindilli·
853 2451 953 2521 llssll‘w
967 2449 1022 2505 ΗΟ·
1076 2467 1161 2541 (Osee
1179 2485 1208 2533 t,
1225 2470 1259 2525 lh
1270 2471 1289 2536 ).
1309 2470 1366 2524 lloc
1378 2471 1558 2526 testimonium
1573 2471 1757 2542 propheticum
1771 2475 1805 2529 de
1818 2491 1866 2528 ro·

265 2566 370 2607 mm
383 2565 488 2618 nillum
499 2547 585 2617 ‘filib
597 2546 778 2617 stillim
789 2545 889 2616 dism'l·
1073 2561 1178 2616 catione
1191 2561 1280 2631 populi
1301 2561 1424 2616 Gentium
1437 2603 1444 2626 ,
1460 2562 1504 2631 qui
1518 2562 1592 2632 prius
1605 2579 1658 2617 non
1671 2565 1821 2628 pertinebat
1834 2565 1866 2620 aul

264 2664 397 2736 Tempora
421 2663 500 2734 igitur
520 2676 613 2718 eorum
627 2668 656 2716 ut
676 2659 811 2730 possimus
831 2658 980 2726 advertere,
993 2658 1020 2714 iu
1074 2651 1177 2714 henan,
1193 2653 1273 2706 etiarn
1288 2652 1407 2721 Apostoli
1420 2650 1607 2707 littelleterunt
1622 2654 1631 2723 (
1645 2653 1718 2708 hona.
1735 2670 1782 2720 tx,
1797 2655 1834 2710 26
1844 2658 1866 2727 ).

230 2758 366 2815 anteriora
385 2754 524 2827 paululum
536 2767 717 2810 recurramus.
733 2753 760 2806 ln
781 2753 940 2824 capitolibri
954 2751 1022 2809 Osee
1074 2745 1107 2800 El
1130 2745 1189 2816 qttia
1217 2745 1273 2815 ipse
1287 2760 1392 2816 qtroqtte
1414 2747 1528 2816 populus
1542 2745 1666 2804 Genuum
1693 2749 1868 2818 spiritualiter

229 2849 379 2923 mptum,
393 2851 439 2919 qui
452 2846 555 2917 primus
568 2845 594 2901 in
608 2843 751 2900 duodecim
766 2844 885 2916 porgitur,
906 2845 941 2899 iga
954 2846 1021 2900 sepi.
1073 2846 1114 2893 esi
1127 2837 1155 2893 in
1168 2838 1229 2893 fillis
1242 2837 1375 2903 Abrttllae,
1391 2853 1423 2893 lle
1436 2853 1484 2907 pel·
1497 2838 1547 2894 lloc
1562 2848 1635 2894 recle
1647 2839 1744 2895 dicitur
1766 2840 1866 2903 lsrael,

229 2948 304 3013 ptam
318 2946 361 2995 est
376 2956 383 2993 :
404 2936 512 2993 Verbum
525 2935 628 2992 Domini
641 2935 811 3007 gundpertum
821 2946 857 2990 ert
870 2935 904 2990 od
917 2935 1021 2992 ornain
1073 2935 1214 2999 propterea
1237 2928 1376 2999 sequitur,
1390 2937 1417 2984 ot
1429 2928 1494 2986 dicit
1508 2946 1516 2984 ε
1531 2928 1566 2984 Et
1580 2931 1799 3002 congregabuntur
1820 2932 1867 3001 pili

227 3028 317 3086 &rhet
332 3028 412 3096 oue,
432 3036 456 3082 et
471 3025 597 3092 lmtbon,
612 3036 635 3081 et
646 3024 752 3092 Achra,
766 3035 789 3081 et
802 3025 918 3082 Ezechiae
935 3044 1021 3099 regum
1073 3018 1144 3075 ludu
1156 3030 1179 3075 et
1192 3020 1239 3090 filii
1253 3018 1336 3074 iarael
1349 3019 1518 3091 inidipsum,
1535 3029 1559 3074 et
1572 3030 1664 3092 ponent
1677 3021 1775 3077 sibimet
1794 3023 1871 3093 prin·

227 3120 299 3178 dude
310 3119 321 3196 (
332 3120 396 3177 Osee
408 3135 429 3188 t,
450 3121 497 3191 l).
513 3121 597 3175 Amos
622 3133 729 3190 quoque
750 3119 844 3175 diebus
865 3121 937 3192 regis
950 3122 1022 3176 Ozim
1073 3112 1186 3183 ‘flamm
1200 3128 1277 3166 voum
1289 3151 1297 3177 2
1311 3120 1334 3166 2¹
1348 3111 1482 3166 &vendeul
1496 3129 1512 3166 α
1526 3120 1593 3166 terra
1607 3110 1683 3180 (θεοῦ
1695 3128 1723 3190 1,
1738 3114 1795 3195 Η),
1812 3113 1866 3171 ilar

175 3248 179 3255 -
227 3212 406 3288 prophetasse
420 3227 452 3270 se
463 3212 558 3269 scribit
571 3229 578 3265 :
593 3211 668 3266 addit
679 3211 760 3266 etlam
773 3211 915 3269 leroboam
930 3230 1021 3284 regom
1074 3205 1096 3258 st
1110 3203 1196 3259 atttruc
1210 3202 1323 3257 vettium
1337 3217 1482 3278 rtuonere,
1495 3202 1593 3282 eloquit
1607 3213 1755 3284 prophetici
1770 3216 1867 3272 oburi-

228 3306 321 3376 israel,
337 3306 384 3376 noi
395 3321 445 3379 per
456 3303 567 3363 eosdem
586 3302 645 3362 dies
659 3300 708 3361 luit
721 3301 812 3377 (Amat
825 3319 845 3374 t,
859 3305 898 3382 l).
912 3303 1022 3366 Neouun
1073 3296 1153 3356 detor
1166 3317 1254 3372 sapor.
1270 3301 1413 3357 llecolatur
1431 3311 1519 3358 umen
1534 3304 1601 3373 lapis
1613 3307 1657 3360 ille
1671 3309 1827 3378 augularis,
1841 3319 1868 3364 et

227 3397 310 3457 laalas
329 3400 399 3455 iilius
418 3402 519 3466 limos,
543 3400 601 3457 sire
620 3399 768 3471 supradicti
782 3403 930 3473 propbeta,
953 3405 1017 3470 slve,
1073 3392 1127 3448 ouo
1147 3394 1183 3447 illi
1198 3394 1330 3463 parietes,
1347 3410 1414 3450 untts
1426 3410 1459 3449 ex
1475 3394 1594 3462 ludms,
1609 3397 1677 3452 alter
1690 3415 1722 3454 ex
1736 3400 1867 3458 Gentibus

227 3488 299 3561 gaud
323 3488 408 3560 magis
431 3488 599 3561 perhibetur,
627 3489 794 3562 alteriusqul
816 3506 871 3546 non
892 3493 1020 3564 propbeta
1074 3484 1085 3552 (
1097 3485 1192 3556 Elim·
1216 3502 1252 3551 ¹¹2
1269 3487 1321 3552 Ν,
1347 3486 1398 3553 ¹5·
1420 3486 1546 3559 mim
1562 3488 1607 3544 ille
1620 3491 1728 3546 nomine
1751 3493 1867 3550 illiorum

227 3581 324 3639 mem
348 3581 457 3637 nontine
488 3580 654 3647 uocabatur,
674 3581 783 3638 eosdem
810 3598 887 3654 reges
908 3596 1021 3655 quatuor
1072 3575 1159 3639 luda,
1177 3576 1226 3631 iste
1247 3575 1353 3630 turmine
1369 3575 1481 3631 filiorum
1503 3575 1604 3644 lsrael,
1621 3579 1707 3635 eidem
1722 3582 1767 3636 uni
1789 3584 1867 3654 prio·

226 3686 295 3746 guas
307 3672 397 3744 posuit
416 3671 505 3739 Osee,
526 3670 553 3726 iu
566 3670 653 3741 capite
665 3670 726 3727 libri
750 3671 793 3728 sui
807 3673 891 3742 ponit,
907 3690 1020 3744 quornm
1072 3668 1169 3739 cipatui
1182 3684 1231 3721 suo
1240 3667 1265 3721 iu
1275 3667 1387 3737 idipsum
1400 3668 1554 3736 innitentes,
1564 3678 1591 3725 et
1600 3670 1867 3745 ascendeutesagno·

227 3762 322 3818 dlehus
340 3775 370 3817 se
394 3761 571 3833 prophetasse
592 3760 777 3832 praeloquitur.
803 3763 927 3820 hiicbaas
940 3767 1020 3822 ctiam
1073 3769 1179 3816 scantur
1194 3776 1209 3813 a
1225 3771 1305 3815 terra.
1319 3759 1386 3815 istos
1401 3767 1489 3815 autem
1503 3761 1645 3818 carnales¹
1661 3761 1806 3828 israelitas,
1821 3769 1867 3838 nui

227 3852 321 3911 eadem
346 3868 403 3908 sum
429 3852 579 3923 prophetiae
604 3862 800 3909 commemorat
825 3864 944 3927 tempora
962 3866 1022 3926 post
1074 3867 1144 3907 nunc
1158 3851 1252 3906 ltttltlnl
1265 3853 1375 3906 credere
1389 3851 1416 3907 in
1430 3850 1578 3917 Christum,
1594 3863 1685 3922 postea
1700 3856 1862 3924 credituros,

227 3944 286 4002 dles
306 3943 387 4001 orte.
402 3943 469 4001 Nam
483 3953 537 3999 tres
550 3943 595 4013 oui
619 3954 770 4013 sentiuntur
791 3959 869 4017 reges
890 3947 1019 4010 notitiuat,
1073 3941 1172 4005 idest,
1189 3941 1257 3997 lilios
1269 3957 1362 3996 cirrum
1378 3939 1459 4014 (nam
1475 3943 1566 4013 utique
1579 3943 1621 3997 isti
1644 3943 1669 3998 in
1683 3959 1760 3999 suum
1777 3946 1865 4002 lateant

227 4049 295 4108 quos
305 4045 333 4093 et
349 4035 417 4092 orae
432 4035 589 4102 nominarit,
602 4033 737 4103 Joathau,
753 4044 780 4091 et
796 4034 896 4104 richar,
909 4046 937 4092 et
950 4037 1020 4094 Eae·
1072 4033 1210 4091 moriendo
1220 4034 1391 4102 transibunt),
1401 4033 1470 4089 ldem
1481 4037 1610 4104 propbeta
1623 4044 1745 4099 testatur,
1755 4036 1863 4094 dicens:

227 4128 316 4186 chiam
337 4126 499 4203 (illelmi,
513 4127 526 4182 l
539 4128 560 4199 ).
584 4126 618 4182 tlt
632 4136 694 4183 sum
711 4142 779 4198 quos
790 4127 885 4184 eodem
902 4139 1021 4200 tempore
1075 4127 1200 4194 Quartiom
1219 4126 1305 4181 diebus
1318 4126 1403 4180 multis
1417 4126 1537 4180 sedebunt
1559 4126 1608 4195 filii
1619 4125 1701 4182 lsrael
1712 4129 1769 4182 sine
1788 4146 1865 4200 rege,

227 4222 308 4281 simul
331 4220 507 4294 prophetasse
527 4237 561 4277 ex
574 4236 668 4277 eorum
680 4221 778 4277 litteris
801 4221 947 4278 iuvenitur.
974 4222 1021 4278 liis
1072 4219 1127 4276 sine
1138 4219 1260 4289 principe,
1270 4218 1326 4273 aine
1336 4218 1471 4288 sarmada,
1485 4219 1540 4273 sirie
1549 4220 1633 4286 altari,
1644 4220 1700 4274 eine
1711 4223 1864 4286 sacerdotio,

227 4315 380 4388 adiungitur
399 4314 480 4370 tonas
493 4313 587 4370 eodem
604 4313 668 4370 Ozia
680 4330 743 4386 rege
762 4325 900 4385 regnante,
922 4323 950 4372 et
962 4314 1021 4371 lael
1072 4313 1126 4368 tine
1139 4310 1390 4381 neonisestotionibnr.
1406 4310 1472 4379 Quis
1484 4326 1537 4365 non
1549 4310 1658 4376 rideat,
1672 4328 1743 4368 truuc
1756 4314 1795 4368 sic
1807 4330 1866 4370 esse

226 4423 290 4466 cum
308 4408 364 4479 jam
384 4415 509 4477 regnarat
520 4405 650 4470 loathan,
670 4405 715 4476 qui
730 4406 857 4461 successit
871 4404 952 4462 Oria.
967 4405 1021 4462 Sed
1071 4403 1200 4462 Judaeosl
1214 4402 1268 4458 Sed
1287 4400 1350 4472 quid
1369 4401 1515 4472 adjuttgat,
1532 4401 1693 4457 audiamus:
1711 4402 1745 4457 h't
1760 4417 1863 4474 postem

227 4497 338 4555 istorum
359 4496 547 4567 prophetarum
566 4494 679 4549 duorum
692 4502 812 4565 tempora
825 4498 850 4551 in
869 4495 1019 4564 chronicis,
1073 4496 1176 4568 inquit,
1191 4503 1343 4550 reuertentur
1364 4494 1411 4557 lilii
1431 4492 1515 4547 israel
1525 4535 1534 4560 ,
1548 4503 1572 4548 et
1591 4494 1716 4563 inquirent
1728 4494 1866 4551 hominum

227 4602 283 4646 non
301 4588 329 4644 in
348 4602 440 4643 eorum
457 4585 531 4640 libris
545 4583 679 4657 potuimus
699 4584 830 4652 invenire,
849 4586 975 4656 quioniam
986 4587 1021 4644 de
1074 4588 1156 4644 heum
1175 4602 1267 4650 suum,
1282 4592 1306 4639 et
1327 4581 1410 4637 Dauid
1430 4598 1513 4655 regern
1526 4599 1625 4639 suum:
1641 4593 1663 4639 et
1685 4594 1826 4654 stupescent
1840 4587 1866 4640 in

227 4683 284 4739 sols
296 4681 389 4737 diebus
409 4687 507 4736 tacent.
530 4676 687 4734 Tenduntur
699 4687 787 4733 autom
810 4678 836 4733 bt
851 4679 909 4735 dies
924 4695 939 4735 a
958 4696 1021 4752 rege
1072 4679 1204 4744 Domino,
1219 4687 1243 4733 et
1257 4677 1283 4730 in
1295 4676 1366 4730 bonis
1379 4674 1479 4745 ipsius,
1494 4675 1520 4729 in
1535 4675 1674 4729 noninimis
1687 4674 1775 4732 diebus
1790 4676 1866 4749 (Osee

228 4774 383 4832 Latinorum
404 4772 499 4835 Proca.
520 4771 577 4828 olle
587 4769 726 4840 superiore
737 4770 879 4837 trenam,
893 4774 1021 4842 usqttead
1073 4789 1112 4838 tn,
1127 4772 1153 4839 d,
1171 4772 1198 4833 b,
1213 4785 1264 4824 seo.
1279 4766 1380 4837 Lxx).
1396 4765 1466 4821 Nihil
1480 4774 1522 4820 est
1534 4767 1585 4821 ista
1601 4767 1740 4836 prophetia
1755 4769 1866 4822 marulio·

228 4881 318 4939 regem
332 4865 474 4922 [turmulam
485 4866 540 4935 jam
554 4863 734 4919 Romanorum
748 4862 770 4925 ¹,
785 4860 827 4916 rel
843 4862 922 4917 etiarn
937 4878 1022 4933 usque
1073 4866 1150 4933 etius,
1160 4879 1221 4920 oum
1231 4861 1311 4917 Dauid
1325 4860 1396 4931 regis
1409 4860 1516 4915 nomine
1525 4859 1689 4931 siguihcatus
1703 4861 1866 4932 intelligatur

228 4958 262 5013 ad
281 4958 355 5027 regui
370 4955 514 5028 primordia
526 4954 689 5010 strecessoris
700 4953 759 5023 ejus
772 4952 865 5009 Numae
879 4953 1019 5026 Pompilii:
1073 4955 1195 5013 Christus
1208 4953 1240 5018 ⁸,
1255 4960 1297 5023 gut
1320 4955 1400 5025 [netur
1421 4961 1477 5018 est,
1493 4953 1561 5007 sion
1581 4951 1646 5008 dicit
1658 4953 1820 5023 Apostolus,
1837 4971 1866 5010 ea

228 5047 358 5104 Ezechias
370 5049 468 5119 quippe
486 5063 532 5103 rer
547 5045 615 5103 iuda
627 5058 661 5102 eo
673 5060 759 5116 usque
772 5045 908 5116 regnavit;
925 5061 957 5102 ac
972 5062 1021 5117 per
1072 5044 1256 5104 mninehonid
1268 5043 1405 5099 seeundum
1416 5059 1516 5097 earnem
1525 5042 1612 5114 (honr.
1626 5043 1692 5115 uh).
1701 5044 1866 5100 Praeuumia·

229 5137 281 5192 lmc
296 5152 343 5206 per
355 5152 387 5192 ea
408 5148 528 5207 tempora
542 5137 586 5192 isti
599 5136 673 5192 velut
690 5134 777 5191 lontm
788 5136 935 5207 prophetiae
949 5137 1020 5206 uarl-
1072 5136 1304 5209 ritistcpropheta
1312 5137 1392 5193 etiarn
1401 5135 1633 5193 tertiodierristl
1642 5139 1864 5194 resurrectionem

229 5240 271 5286 ter
294 5238 449 5302 eruperunt,
476 5228 583 5300 quartdo
612 5243 724 5300 reguum
746 5226 845 5284 deiecit
870 5228 1019 5302 Assyrium,
1072 5236 1198 5298 lotumm,
1212 5233 1282 5288 sicut
1295 5247 1354 5287 eona
1369 5230 1523 5302 prophetica
1538 5231 1679 5288 altitudine
1692 5233 1866 5302 prenuntiat

1073 5324 1231 5394 oportebat,
1245 5322 1289 5376 uhi
1303 5323 1340 5376 ait
1355 5338 1362 5375 :
1379 5322 1487 5378 Sonahm
1506 5339 1553 5377 nos
1572 5332 1628 5394 post
1642 5323 1747 5377 biduum
1758 5363 1766 5387 ,
1779 5324 1806 5377 itt
1826 5322 1866 5377 die

260 5402 271 5494 ζ
288 5397 662 5521 fflffifflfflffiffm·
675 5467 841 5511 mmmm·
1073 5415 1147 5471 lertio
1167 5429 1325 5482 resurgamus
1339 5413 1424 5486 (Osee
1438 5429 1483 5480 ut,
1497 5413 1544 5484 h).
1566 5413 1717 5469 mundum
1730 5413 1782 5470 hoc
1794 5414 1865 5469 enlm

260 5522 297 5597 (a)
308 5531 374 5571 auno
381 5522 428 5595 {mil
438 5529 496 5571 ante
506 5520 624 5595 christum
633 5529 715 5571 natum
724 5529 798 5586 cyrus
810 5524 888 5574 edictu
899 5523 988 5576 btdteis
996 5526 1021 5577 in
1105 5527 1114 5560 ¹
1131 5525 1199 5598 rullti,
1210 5523 1324 5588 ἐκείρετε.
1341 5523 1426 5576 helius
1435 5532 1500 5586 tiss,
1511 5523 1561 5577 iaci
1604 5532 1636 5578 et.

229 5595 331 5650 patrnm
342 5584 446 5634 redituro
459 5590 586 5633 canosam.
597 5590 714 5632 mama.
1105 5590 1115 5621 ¹
1130 5587 1197 5636 trud.
1210 5596 1259 5635 am.
1270 5595 1296 5638 et
1306 5587 1390 5652 plures
1399 5596 1467 5649 ass,
1478 5600 1553 5639 conta
1567 5587 1617 5640 'tem
1630 5612 1661 5625 ·-
1674 5587 1712 5638 sio
1720 5587 1796 5638 nostri
1812 5597 1863 5635 oar·

261 5644 298 5712 (b)
308 5653 379 5697 oeata
394 5645 475 5696 tuditb
486 5644 515 5694 ad
532 5656 622 5694 annam
637 5644 684 5694 imi
694 5651 752 5717 ame
762 5644 881 5696 christum
890 5646 1020 5700 referenda
1072 5662 1127 5701 nes.
1222 5655 1250 5697 tt.

231 5707 677 5823 ffimffimmmm
687 5704 750 5758 labro
760 5707 799 5758 ori
811 5707 904 5772 titulus,
911 5709 1021 5762 tautum
1073 5710 1349 5824 ammoneatur.
1362 5710 1422 5765 adiu
1433 5723 1509 5775 roro,
1527 5723 1576 5778 aaa
1594 5708 1711 5767 amo...
1722 5705 1864 5774 &remman

957 6022 973 6053 S
