3900 6390
108 207 160 329 bii
449 265 453 273 ’
685 268 786 328 [tutin
806 268 955 329 nectutis
968 269 1137 328 OCTAVUS.
1690 269 1746 328 bb!

108 386 171 441 itam
190 384 240 456 (a).
258 384 323 441 Erat
335 383 416 442 ctiam
431 393 553 455 tempora
567 383 613 441 iiio
626 399 737 457 regom
757 384 897 458 Sicyonio·
956 383 1108 440 condidisse
1129 382 1312 456 babylonem,
1327 398 1407 455 quam
1419 382 1526 455 quidem
1544 383 1630 454 potuit
1641 384 1745 441 instea-

107 494 166 534 rtnn
176 477 319 533 admodum
330 492 539 550 personamque
548 478 594 548 iile
604 477 789 549 undecumque
801 478 900 535 doctis·
951 488 1012 530 rare
1027 473 1076 549 (a).
1090 475 1202 544 Quando
1215 484 1322 542 autem,
1334 475 1377 531 rei
1392 474 1525 546 quomodo
1536 473 1641 530 condita
1653 473 1743 541 suerit,

107 570 192 626 sitnns
201 570 306 626 Marcus
314 570 400 626 Varro
409 569 663 627 scribensdeGeotc
673 570 762 641 popuii
774 570 898 639 Romani,
952 564 979 620 in
994 565 1186 622 sextodecimo
1200 566 1270 622 libro
1283 562 1536 638 dirimusqcapty.
1553 567 1648 622 i‘iiium
1663 581 1743 637 porro

107 660 181 716 scint
191 661 301 730 antiquo
314 669 434 730 tempore
444 701 452 727 ,
463 675 576 716 exorsus
593 669 644 716 εει.
659 661 700 716 Ab
713 659 755 717 Ιιίε
767 660 839 715 enim
854 659 899 716 Si·
951 656 1014 714 Nini
1026 669 1053 714 et
1066 658 1261 725 Semiramidis,
1276 660 1322 730 qni
1335 660 1412 714 matri
1428 661 1558 715 successit
1570 659 1597 714 in
1612 674 1743 730 reqnutn,

108 752 264 824 cyoniorum
277 751 386 823 reqibos
399 750 433 807 ad
447 751 626 808 Athenienses
637 751 792 822 pervenite
802 750 899 821 quibus
951 748 1060 819 quidam
1074 750 1155 805 etiarn
1170 749 1256 821 ipsum
1269 750 1378 818 Ninum,
1391 750 1498 822 quidam
1514 766 1578 807 vero
1591 749 1714 807 derivatio
1728 766 1743 806 ι

107 843 141 897 ad
166 843 292 908 Latinos,
312 842 374 898 inde
395 842 429 897 ad
451 842 601 909 Romanam
622 842 670 898 sed
689 851 751 898 ante
765 843 898 898 conditam
951 848 1028 910 patre
1048 841 1178 897 vocabulo
1191 841 1323 911 Ninynm¹
1337 842 1639 914 uocantsieyoniorunt
1652 852 1741 898 arnmot

108 933 218 988 Aetnam
232 933 258 988 in
270 933 469 1003 comparatione
484 934 558 1004 requi
572 933 744 1004 Assyriorum
757 932 899 1003 perexigua
951 945 1062 1002 regnum
1076 941 1140 988 tunc
1155 934 1261 988 tenebat
1274 932 1386 988 Teision
1398 934 1420 988 ¹.
1434 931 1493 1003 Quo
1513 944 1643 1005 regnante
1657 948 1743 1005 usque

107 1026 157 1080 ista
169 1035 361 1089 memoramur.
371 1025 682 1093 QttanttisAtitenieuses
692 1026 718 1081 in
729 1024 832 1082 Graecia
846 1025 899 1095 piu·
950 1022 1018 1078 adeo
1027 1022 1064 1078 ibi
1079 1022 1153 1079 mitia
1164 1032 1190 1080 ct
1201 1024 1262 1079 loeta
1274 1035 1394 1095 tempora
1407 1022 1524 1089 inerunt,
1537 1033 1566 1079 ut
1577 1040 1637 1079 eum
1648 1023 1742 1080 deiun-

106 1120 203 1174 rimum
218 1120 347 1176 claruisse
361 1121 475 1175 fateatur
495 1119 574 1174 etiam
596 1118 738 1175 Saiiostins
759 1118 897 1174 iiotnanos
950 1123 1020 1168 ctum
1034 1114 1106 1170 reiut
1120 1112 1199 1171 deum
1214 1113 1335 1170 coierent
1347 1113 1541 1181 sacrificando,
1556 1123 1583 1169 et
1603 1115 1681 1171 ludos
1694 1130 1741 1171 ee·

106 1210 262 1274 historicus,
276 1211 336 1279 pius
351 1219 439 1263 tamen
454 1208 543 1274 sama,
558 1224 637 1279 quana
650 1207 759 1279 reipsa.
775 1208 841 1262 Nam
854 1206 898 1263 lo·
950 1206 1095 1273 lebrando,
1110 1222 1178 1279 quos
1191 1207 1215 1263 ei
1228 1207 1353 1279 primitus
1365 1207 1502 1262 institutos
1517 1205 1616 1262 ierunt.

106 1313 191 1372 quens
202 1300 237 1357 de
252 1301 322 1356 iliis:
337 1298 537 1365 Atbeuiensium,
553 1300 653 1370 inquit,
670 1316 710 1354 res
724 1309 809 1372 peste,
825 1299 899 1355 sicuti
948 1299 1063 1358 CAPUT
1081 1301 1169 1357 tlt-
1178 1301 1275 1370 Quibus
1286 1300 1447 1373 reputantibus
1460 1301 1529 1373 opud
1540 1302 1658 1372 Assyrios
1667 1309 1741 1371 utque

106 1410 152 1464 epa
166 1393 297 1458 existimo,
320 1393 383 1448 sotis
397 1392 492 1462 emptae
505 1393 695 1462 omqnifiroeque
708 1396 779 1464 [uere
791 1407 802 1446 .·
813 1406 898 1446 oerum
985 1390 1120 1463 Sicyonios
1133 1393 1241 1448 Abrabe
1250 1393 1393 1448 centenario
1405 1389 1482 1447 isaac
1493 1392 1525 1445 de
1534 1392 1699 1462 promissione
1708 1392 1741 1450 tit

105 1486 236 1555 eliquanto
249 1486 359 1538 otioores
372 1494 464 1550 tameo,
473 1499 548 1556 quem
555 1487 625 1557 {ama
637 1484 762 1554 seruntur.
774 1484 828 1540 Sed
838 1485 899 1558 quio
985 1493 1076 1554 notus,
1091 1487 1129 1540 oei
1143 1486 1193 1555 ipsi
1213 1484 1289 1541 isaac
1301 1486 1466 1557 sesaqenou'o
1480 1483 1552 1540 Esou
1565 1494 1588 1540 et
1599 1482 1682 1539 Jacob
1694 1501 1740 1559 qe·

107 1591 242 1646 provenere
261 1576 297 1629 ibi
317 1576 468 1646 erupturum
480 1592 572 1647 mupua
584 1577 701 1647 inqenitt,
715 1587 897 1645 perterruerant
983 1576 1046 1630 noui
1060 1577 1092 1632 de
1103 1575 1215 1632 Rebecca
1228 1578 1278 1632 sint
1292 1578 1361 1632 editi.

107 1667 192 1722 orbem
201 1668 390 1724 Atheniensium
403 1671 471 1739 sacto
485 1685 531 1738 pre
544 1668 661 1723 nummis
673 1668 840 1725 eeiebrootur.
854 1668 898 1725 ite
984 1667 1068 1739 liujus
1082 1669 1246 1739 temporibus
1259 1669 1339 1725 etiam
1355 1669 1429 1724 isaac
1442 1683 1478 1723 ει
1500 1667 1677 1738 promissione
1691 1666 1740 1724 oet

106 1774 193 1814 eorem
206 1759 248 1829 qui
262 1759 359 1828 secere,
375 1760 452 1814 uirtus
472 1769 543 1814 tanta
563 1759 683 1829 bobetm,
703 1770 823 1832 quomens
842 1777 897 1817 eunt
949 1767 1027 1814 natus
1047 1768 1088 1815 est
1110 1759 1269 1816 centenario
1290 1760 1359 1830 patri
1381 1760 1452 1815 otius
1472 1760 1585 1815 Abrabae
1606 1759 1640 1814 de
1660 1759 1739 1815 Sarra

106 1849 187 1905 uobis
200 1859 301 1921 potuere
314 1850 433 1906 extoliere
447 1852 570 1922 praecium
584 1854 685 1926 inperio
708 1853 787 1926 (oete
807 1853 895 1922 catto,
947 1853 1072 1925 runjtqe,
1083 1870 1143 1925 quse
1156 1853 1256 1909 sterilis
1269 1863 1296 1910 ct
1311 1869 1380 1909 anus
1391 1853 1446 1923 jam
1457 1868 1532 1923 spem
1546 1851 1629 1922 prolis
1642 1851 1741 1908 amise-

106 1956 166 2009 eap.
181 1940 221 2012 8).
237 1940 349 1996 Accedit
363 1940 425 1997 ituic
438 1941 538 1997 ciuitati
553 1957 606 1997 non
620 1958 699 2013 parea
711 1945 791 1999 etiam
804 1959 837 2000 ex
852 1943 896 1999 lit·
948 1955 999 2000 rat.
1011 1946 1086 2001 Tunc
1100 1953 1129 2002 ct
1137 1944 1255 2019 Assyriis
1266 1945 1373 2016 quintus
1383 1953 1442 2000 erat
1454 1960 1504 2000 rex
1515 1942 1610 1999 Arrius
1623 1941 1674 2014 (i).
1686 1937 1740 2011 ipsi

107 2032 172 2087 teris
184 2041 211 2087 et
224 2033 389 2102 pbilosophis
402 2033 498 2102 gioria,
514 2034 584 2104 quod
600 2034 635 2088 ibi
649 2035 816 2105 potissimum
835 2035 896 2090 taiia
947 2051 1011 2091 vero
1026 2037 1098 2093 isaac
1110 2037 1285 2107 sexagenario
1300 2037 1354 2091 nati
1368 2046 1430 2092 sunt
1443 2035 1553 2107 yemini,
1566 2034 1637 2090 Esau
1650 2043 1678 2090 ct
1691 2032 1739 2090 Ja-

106 2123 193 2178 studia
205 2124 354 2194 viguerunt.
369 2124 435 2180 iiam
448 2136 575 2196 quantum
591 2127 685 2183 attinet
698 2128 731 2183 ad
744 2129 894 2198 imperium,
947 2128 1008 2193 coh,
1024 2142 1091 2199 quos
1104 2128 1129 2185 ei
1144 2129 1266 2184 iicbeeca
1280 2143 1347 2185 utor
1359 2129 1474 2199 peperit,
1487 2143 1537 2184 avo
1550 2141 1643 2183 eornm
1655 2125 1740 2183 Abra·

106 2214 208 2270 nuiiutn
220 2214 306 2286 majus
322 2217 414 2286 primis
430 2218 595 2287 temporibus
606 2261 613 2284 ,
626 2234 705 2290 quarn
724 2221 895 2293 Assyriorum
948 2219 1010 2274 itam
1025 2219 1112 2275 adiruc
1130 2219 1247 2287 nitente,
1263 2228 1291 2276 et
1303 2229 1411 2275 centum
1436 2219 1572 2290 sexaginta
1586 2217 1673 2274 artatis
1692 2232 1741 2274 au-

105 2304 164 2372 iuit,
180 2320 231 2362 nec
242 2317 295 2362 tam
312 2307 390 2379 longe
404 2307 511 2380 iateque
525 2308 661 2365 diffusum.
676 2308 778 2381 Quippe
790 2311 834 2366 ubi
847 2311 896 2367 Ni·
949 2325 998 2367 nos
1011 2320 1106 2381 agente
1118 2328 1126 2366 :
1138 2311 1184 2382 qui
1199 2311 1432 2382 expletiscentum
1445 2307 1740 2380 septuagintaquinque

106 2411 157 2453 nus
174 2413 238 2464 rer,
251 2398 307 2454 Beli
331 2399 418 2466 iliius,
434 2402 587 2458 uniuersam
609 2403 718 2469 Asiam,
735 2419 794 2474 quae
816 2404 897 2459 totins
948 2400 1091 2456 deiunctus
1103 2410 1162 2468 est;
1179 2401 1353 2471 regnantibus
1364 2402 1435 2472 apud
1449 2401 1574 2473 Assyrios
1585 2398 1676 2455 Xerse
1690 2399 1739 2456 iiio

106 2489 180 2545 orbis
195 2489 381 2547 adnumerum
396 2492 510 2563 partium
528 2496 605 2549 tertia
620 2494 726 2560 dicitur,
744 2495 777 2550 ad
790 2497 895 2568 magni·
947 2492 1116 2563 antiquiore,
1130 2492 1175 2562 qui
1189 2492 1270 2548 etiam
1292 2492 1388 2548 Baleos
1402 2493 1441 2564 (a)
1455 2491 1611 2556 uocabatur,
1627 2497 1655 2545 et
1667 2489 1740 2559 apud

106 2580 225 2636 tudinem
235 2597 301 2639 uero
310 2583 419 2638 dimidia
429 2585 573 2652 reperitur,
586 2600 669 2656 usquc
679 2586 713 2641 ad
727 2585 818 2659 Libye
830 2589 897 2647 [ines
947 2580 1086 2654 Sicyonios
1104 2583 1254 2651 Titttriaco,
1274 2598 1354 2654 quem
1376 2582 1483 2654 quidam
1503 2579 1738 2636 Titurimacitum⁸

106 2670 246 2743 subegisse
257 2673 371 2728 traditur
386 2673 434 2747 (b).
454 2674 525 2730 Solis
539 2677 635 2747 qnippe
649 2675 721 2733 indis
735 2678 761 2732 in
776 2678 896 2749 partibus
947 2676 1079 2743 scribunt,
1090 2676 1211 2745 septimis
1223 2677 1341 2747 regibus.
1351 2675 1472 2746 Regnum
1481 2683 1570 2730 atttem
1579 2674 1744 2744 Argiuorum

91 2826 93 2828 ,
106 2763 224 2820 Orientis
244 2781 297 2820 non
319 2766 526 2823 dominabatur:
539 2783 607 2839 quos
620 2778 709 2824 tamen
724 2785 758 2825 eo
772 2771 897 2827 deiuncto
948 2768 1027 2823 simui
1040 2783 1100 2824 cum
1112 2768 1227 2823 Abrabae
1240 2767 1383 2839 nepotibus
1396 2777 1484 2821 ortum
1498 2775 1557 2830 est,
1573 2765 1618 2820 ubi
1638 2765 1740 2836 primus

105 2852 261 2910 Seroiramis
274 2870 342 2910 uxor
352 2856 411 2926 ey‘us
425 2866 466 2912 est
478 2871 586 2927 agressa
599 2858 734 2914 bellando.
747 2859 784 2915 ita
797 2858 896 2916 iactum
947 2857 1068 2929 regnavit
1081 2855 1204 2913 inachus.
1220 2858 1290 2913 Sane
1300 2857 1371 2928 quod
1385 2857 1600 2927 praetereundum
1612 2870 1664 2910 uon
1675 2854 1744 2924 suit,

106 2952 164 3010 cst,
180 2952 209 3000 ut
227 2944 385 3017 quicumque
405 2947 431 3003 in
451 2948 504 3003 iilis
527 2948 607 3004 terris
626 2951 735 3020 popuii,
749 2950 806 3006 site
820 2966 897 3024 reges
948 2949 1029 3005 etiam
1039 2949 1110 3020 apud
1123 2950 1276 3018 sepulcrum
1291 2950 1397 3020 septimi
1412 2949 1453 3003 sui
1468 2949 1540 3020 regis
1551 2947 1677 3003 Tituriaci
1691 2961 1738 3003 sn·

106 3043 193 3101 crant,
204 3036 374 3109 Assyriorum
386 3054 468 3110 regno
478 3039 626 3110 ditionique
639 3049 772 3110 parerent,
784 3050 812 3098 et
819 3042 898 3115 quid·
947 3041 1067 3099 criticare
1079 3041 1219 3115 Sicyonios
1231 3043 1337 3110 solere,
1349 3042 1433 3097 Varro
1446 3041 1538 3097 refert.
1553 3040 1739 3111 nuptiantibus

106 3125 169 3196 qnid
183 3127 360 3197 impemretur
374 3128 520 3184 efficerent
536 3130 671 3186 Abraham
685 3130 766 3202 igitur
775 3134 801 3187 in
811 3147 844 3188 eo
854 3147 898 3190 re·
947 3146 1028 3204 porro
1036 3134 1136 3189 octaris
1145 3133 1263 3204 regibus,
1276 3133 1438 3188 Armatoitre
1450 3133 1629 3204 Assyriorum,
1638 3131 1734 3205 Sicyo·

105 3235 160 3290 qno
178 3221 247 3290 apud
267 3221 407 3278 Citaldaeos
428 3221 489 3277 Nini
504 3224 668 3295 temporibus
682 3234 826 3282 natusest.
842 3223 896 3284 Sed
948 3224 1054 3283 riorum
1067 3225 1212 3297 Leucippo,
1225 3235 1254 3283 ει
1267 3227 1353 3297 primo
1367 3226 1524 3296 Argiuorum
1539 3224 1648 3288 lnacbo,
1665 3224 1737 3280 ὓειιι

106 3310 232 3381 quoniam
246 3327 291 3367 res
305 3311 408 3368 Graece
422 3315 505 3369 munito
520 3324 583 3370 sum
597 3316 673 3372 nobis
685 3332 766 3388 qnam
780 3318 897 3390 Assyrias
948 3319 1053 3375 locutus
1072 3327 1114 3375 est
1134 3317 1168 3375 ad
1188 3318 1278 3384 isaac,
1289 3327 1369 3390 atque
1385 3318 1437 3388 ipsi
1450 3331 1557 3388 quoque
1569 3316 1664 3371 cadem
1678 3329 1750 3386 qute-

106 3403 245 3472 notiores,
263 3413 289 3460 ει
314 3421 362 3476 per
377 3405 486 3462 Graecos
506 3405 540 3461 ad
565 3407 690 3473 Latinos,
706 3423 738 3464 ac
752 3409 848 3467 deinde
861 3411 896 3468 ad
947 3410 1016 3482 patri
1031 3409 1089 3481 eins
1102 3408 1157 3465 duo
1169 3409 1214 3465 iiia
1230 3409 1369 3480 promisit,
1383 3407 1478 3464 sentini
1492 3407 1595 3463 scilicet
1609 3407 1668 3475 cjtts
1681 3413 1746 3461 tes·-

107 3496 255 3563 iiomnnm,
270 3498 314 3567 qui
327 3497 408 3553 etiam
425 3497 475 3568 ipsi
490 3497 577 3553 Latini
592 3507 666 3566 sunt,
682 3507 833 3570 temporum
851 3515 897 3558 se·
948 3519 1005 3559 ram
1016 3501 1154 3568 Citanaan,
1167 3512 1195 3558 et
1207 3503 1234 3558 iu
1247 3503 1306 3574 cius
1319 3502 1424 3558 semine
1443 3500 1657 3557 benedictionem
1670 3511 1739 3555 cun·

106 3588 173 3644 riem
189 3588 356 3645 deduxerunt
366 3591 410 3660 qni
422 3600 528 3662 pentem
543 3592 633 3662 popuii
647 3591 759 3648 Romani
775 3594 803 3649 in
815 3593 898 3666 oripi·
947 3603 1051 3652 ctarum
1066 3595 1195 3665 gentium.
1217 3593 1282 3651 ilaec
1293 3594 1350 3664 ipsa
1364 3592 1498 3664 promissa
1511 3600 1574 3646 snut
1588 3590 1668 3645 etiam
1683 3588 1740 3645 diio

107 3680 150 3735 nis
163 3679 221 3750 ejus
233 3680 392 3752 antiquitate
403 3682 491 3737 rimati
506 3691 583 3747 sunt;
594 3684 629 3739 ob
641 3684 691 3740 boc
701 3684 840 3753 debemus,
852 3686 897 3743 ubi
948 3683 1022 3757 ejus;
1035 3685 1125 3754 nepoti
1137 3684 1263 3751 Abrahae,
1275 3683 1321 3755 qui
1335 3694 1377 3740 cst
1388 3683 1538 3754 appellatus
1548 3681 1633 3752 primo
1643 3679 1737 3747 iacob,

106 3786 175 3840 opus
196 3780 254 3839 est,
278 3773 403 3845 Assyrios
423 3788 573 3830 memorare
594 3789 695 3845 reyes:
719 3787 749 3830 nt
771 3786 898 3847 appareat
947 3774 1196 3847 postIsraei,eum
1209 3776 1265 3845 jatn
1280 3774 1393 3829 Beiocus
1407 3789 1455 3828 rex
1469 3788 1555 3828 nonus
1570 3771 1697 3844 Assyriis,
1710 3777 1741 3827 et

107 3861 332 3932 quemadmodum
347 3863 509 3936 Babylonia,
523 3865 600 3935 quasi
616 3865 701 3935 prima
718 3866 820 3933 iioma,
833 3881 897 3923 cunt
949 3865 1106 3924 Phoroneus
1127 3866 1218 3924 inachi
1242 3867 1312 3922 otius
1333 3864 1467 3922 secundus
1480 3871 1606 3934 regnaret
1619 3862 1746 3934 Argitis,

107 3954 247 4024 peregrina
266 3953 293 4008 in
308 3952 472 4009 boemundo
486 3954 533 4010 Dei
547 3955 654 4011 civitate
669 3965 821 4028 procurrat.
844 3957 897 4015 Res
948 3957 1259 4028 Leucippoadbucapud
1270 3954 1410 4028 Sicyonios
1421 3963 1603 4025 peronnentc.
1614 3953 1661 4009 iiis
1671 3961 1746 4010 tem·

107 4053 196 4101 autent
209 4059 276 4114 quas
297 4055 407 4115 propter
420 4046 646 4116 comparationem
667 4047 783 4103 civitatis
797 4048 897 4104 utrius·
949 4050 1058 4120 poribus
1070 4047 1172 4105 Grecis
1182 4049 1232 4104 snb
1246 4048 1388 4104 Phoroneo
1401 4045 1526 4116 Arqoiico
1537 4060 1599 4115 repe
1612 4045 1701 4115 iequm
1711 4053 1740 4102 st

107 4151 176 4208 qne,
196 4146 309 4192 terrenae
321 4137 425 4192 scilieet
438 4146 466 4193 ct
477 4138 612 4202 caelestis,
627 4138 689 4194 huic
703 4140 777 4209 operi
792 4146 898 4211 oportet
946 4142 1106 4213 judiciorum
1130 4141 1289 4212 quibusdam
1310 4138 1410 4195 clarior
1435 4136 1504 4192 iacta
1525 4144 1576 4192 ese
1590 4136 1748 4194 institutis:-

107 4227 237 4294 insererc,
253 4229 338 4300 magis
349 4244 382 4284 ex
394 4227 496 4285 Grecis
507 4237 535 4286 et
548 4230 660 4296 Latinis,
676 4230 721 4286 ubi
735 4239 762 4286 et
775 4232 832 4302 ipsa
843 4231 898 4288 iio-
948 4235 1073 4307 Phegous
1083 4245 1171 4291 umen
1183 4234 1264 4289 irater
1275 4232 1354 4303 buius
1365 4230 1498 4287 Phoronei
1509 4230 1611 4299 iunior,
1624 4244 1686 4285 cum
1695 4242 1742 4286 es-

107 4335 151 4376 ma
164 4321 241 4390 quasi
255 4318 372 4376 secunda
386 4319 532 4393 Babylonia
547 4329 598 4386 est,
609 4320 738 4379 debemus
747 4337 896 4380 assumere.
949 4337 990 4383 set
1004 4338 1135 4391 mortuns,
1149 4325 1183 4382 ad
1197 4327 1255 4396 cjns
1268 4325 1419 4396 sepulerum
1435 4322 1563 4393 tempium
1577 4331 1620 4378 est
1637 4321 1741 4379 consti·

142 4413 170 4468 5.
189 4410 302 4482 Quando
316 4428 381 4484 erqo
395 4423 474 4467 natus
485 4421 527 4469 est
538 4414 685 4479 Abraham,
697 4417 807 4473 secundi
820 4432 898 4488 reges
950 4426 1046 4486 tutum,
1060 4421 1087 4473 io
1100 4433 1154 4489 quo
1166 4418 1303 4473 coleretur
1314 4425 1343 4471 ιιι
1355 4415 1432 4478 deos,
1444 4423 1472 4471 et
1483 4417 1508 4471 ei
1522 4414 1605 4470 bones
1618 4413 1741 4470 immoia-

106 4511 200 4570 crant,
223 4503 293 4573 apud
317 4504 441 4576 Assyrios
462 4503 565 4568 Ninus,
587 4504 657 4576 apud
680 4505 822 4577 Sicyonios
842 4508 897 4565 Eu·
949 4518 1051 4565 rentur.
1074 4507 1163 4564 Credo
1177 4507 1279 4563 bonore
1293 4515 1368 4562 cauto
1386 4505 1449 4562 ideo
1462 4503 1573 4576 dignum
1594 4511 1738 4575 putarunt,

107 4609 171 4665 rope
185 4594 240 4666 (eit
255 4594 332 4665 primi
347 4603 447 4662 antem,
462 4595 517 4651 ittie
532 4595 621 4664 Reios,
635 4594 678 4652 bic
689 4596 828 4668 AEqiaieus
840 4598 897 4657 iue-
949 4599 1011 4670 quia
1024 4599 1052 4654 io
1065 4598 1139 4669 regni
1158 4597 1198 4652 sui
1221 4605 1296 4668 parte
1318 4595 1414 4668 (pater
1426 4594 1525 4666 quippe
1539 4593 1596 4648 ioca
1608 4591 1739 4649 ambobus

106 4694 179 4740 etant.
191 4685 258 4741 Cum
274 4701 338 4742 vero
354 4700 464 4756 egresso
473 4686 607 4743 Abrohom
619 4687 654 4744 de
667 4688 821 4761 Babylonia,
834 4706 897 4763 pro-
948 4688 1129 4755 distribnerat,
1142 4688 1169 4744 in
1183 4687 1281 4759 quibua
1294 4702 1327 4743 eo
1340 4688 1448 4742 nitente
1460 4680 1614 4754 regnarent)
1629 4683 1680 4739 iste
1692 4696 1738 4740 aa·

106 4778 180 4834 misit
193 4777 219 4834 ei
232 4779 301 4833 bens
315 4794 349 4835 ex
364 4779 409 4834 iilo
422 4794 545 4850 magnam
560 4790 665 4851 gentem
679 4780 813 4852 iuturam,
827 4793 856 4840 et
869 4785 896 4840 in
949 4781 1016 4838 celia
1030 4781 1207 4836 constituerat
1219 4778 1253 4835 ad
1267 4778 1394 4835 colendos
1407 4776 1491 4842 deos,
1506 4785 1535 4830 ει
1551 4774 1678 4831 docuerat
1689 4773 1740 4830 ab·

106 4873 167 4941 ejus
178 4871 281 4927 sentirte
291 4872 410 4927 omnium
423 4873 542 4944 gentium
556 4873 782 4942 benedictionem,
795 4876 897 4948 Assyrii
949 4875 1050 4931 serrari
1066 4883 1186 4944 tempora
1199 4888 1249 4945 per
1261 4885 1369 4929 metues
1378 4879 1457 4940 atque
1467 4865 1634 4938 anuos,quid
1646 4880 1740 4923 eorum

107 4972 229 5033 quartum
244 4979 334 5033 regem
348 4963 489 5029 habebant,
502 4963 618 5036 Sicyonii
628 4966 748 5036 quintum
764 4967 854 5037 :apud
865 4968 897 5022 ii·
980 4988 989 5020 t
1006 4987 1080 5044 ΕΜ,
1092 4983 1205 5051 pawn,
1218 4990 1246 5035 qq
1256 4989 1310 5032 usq
1322 4993 1377 5032 eum
1389 4978 1505 5036 eusebio,
1517 4974 1628 5041 nisyon.

106 5054 149 5109 los
159 5054 230 5110 cuim
247 5057 374 5127 regnabat
387 5055 458 5112 iiiios
469 5057 529 5114 Nini
543 5069 603 5130 post
617 5067 729 5114 matrem
740 5059 897 5116 Semirami·
979 5049 995 5144 ζ
1006 5043 1447 5158 ffffirstfflfflybiflwib’g'ffi‘
1458 5034 1740 5153 Tfflssm
1812 5095 1814 5099 ·

105 5145 167 5201 dem
182 5188 191 5215 ,
217 5162 277 5218 qnae
291 5148 325 5203 ab
339 5148 386 5203 iilo
400 5149 541 5207 interiecta
554 5150 718 5220 perhibetur,
733 5166 797 5207 ausa
811 5151 896 5213 Atium
980 5171 1017 5236 (a)
1030 5114 1196 5233 ffloffiffig
1206 5114 1643 5217 swaffieffistffctvtmossswmnt
1652 5160 1740 5215 niodu-

95 5224 193 5332 Lmater'
218 5237 349 5294 incestare
375 5239 530 5296 concubitu.
555 5241 629 5297 lianc
655 5251 749 5312 putant
772 5244 895 5299 uoonniii
948 5229 1217 5357 ffifidgfillgfflffi
1226 5222 1743 5349 fflffimaffiffifflfflffl

106 5435 495 5558 ῗῖιᾞιιιιιιίἓιιιῗοεῖιῗιὲιῖῗίυςωᾳιῗιξυιιιί
522 5440 897 5561 impruffloorffio’nffimffl
948 5476 1050 5541 lebiffie·
1090 5453 1098 5477 ’
1186 5426 1204 5478 q
1245 5425 1261 5476 q
1704 5475 1714 5491 ’

97 5558 136 5607 ad
147 5557 307 5627 semiramidis
315 5569 403 5605 aunum
412 5559 555 5618 vigesimum
565 5562 664 5611 tertium
675 5562 795 5613 referunt.
981 5561 1018 5622 (b)
1030 5558 1126 5609 eusebii
1146 5558 1250 5616 chron..
1271 5552 1376 5608 omibus.
1389 5581 1420 5594 -
1429 5561 1462 5607 dx
1484 5554 1574 5606 nostris
1590 5559 1617 5604 et
1629 5562 1662 5602 ex
1683 5547 1739 5614 ph·

106 5616 241 5729 ⁴(imii'ge
252 5619 320 5679 imru,
332 5630 392 5680 (λιιι
404 5617 450 5679 223
462 5626 488 5670 et
499 5631 579 5685 cupre,
591 5621 631 5672 bb.
646 5622 683 5685 to,
695 5636 748 5690 esp.
762 5626 802 5685 tt,
814 5631 840 5675 ει
850 5620 895 5677 iio.
947 5622 1078 5746 walen.
1096 5619 1306 5672 ueoedietiuorum
1325 5625 1378 5670 ttss.
1392 5618 1543 5684 reponimus.
1563 5612 1653 5666 mbas.
1666 5611 1739 5679 [uro-

123 5694 304 5804 'tcypeusebius
314 5739 431 5792 iucitron.
981 5717 1018 5809 (a)
1030 5716 1094 5809 apud
1103 5744 1238 5808 eusebium,
1254 5740 1376 5796 ruerem
