3900 6390
261 373 349 435 tyrum
362 360 389 417 in
402 359 530 416 suburbio
548 358 662 415 civitatis
675 361 896 426 coristitntorum,
911 359 954 427 qui
968 358 1043 414 Felix

259 446 287 488 et
297 431 450 488 Gennadius
464 439 666 499 nuncupantur,
679 429 817 485 videbator
829 429 880 483 sibi
896 429 947 483 iter
956 426 1044 483 lacero

260 517 309 574 per
321 503 464 568 somnium,
480 515 533 556 uon
546 515 577 555 ea
591 499 633 554 ria
645 514 695 569 qua
710 499 744 554 de
758 499 865 553 civitate
886 498 1044 566 eonrpendio

296 573 334 641 rgi
361 573 469 636 assolet,
494 570 541 626 sod
564 569 752 639 aliquantulum
772 569 848 623 devia
869 575 897 622 et
916 567 1042 623 bauosa.

260 587 313 700 iic
325 642 393 696 banc
404 642 475 696 ridet
488 640 630 695 adventare
640 639 793 695 innumeros
805 638 916 719 populos
928 638 1043 718 gaudeu-

261 723 301 768 tes
312 725 376 766 sane
385 720 464 781 atque
475 709 626 779 psallentes,
641 716 669 764 ct
679 723 771 764 cereos
785 717 813 762 et
831 709 968 761 luminaria
982 721 1042 760 cum

260 777 914 855 grandicclebritategestantes,etquasiquemdam
920 775 1043 831 candida-

259 863 315 908 tum
328 851 464 919 parvulum
471 850 638 910 comitantes,
647 851 724 917 eique
733 849 833 901 iteratis
840 846 1043 901 vocibusiucla-

262 916 772 985 maurescontessnrctariqucontessnr
779 916 971 981 ebriationem
981 931 1042 971 cum

259 993 292 1046 ad
299 990 436 1045 ecclesiam
444 988 719 1061 perduxissent,atque
728 1002 804 1055 supro
813 987 940 1056 pulpitum
947 987 1043 1040 elevas·

260 1061 403 1125 sent‚videt
410 1058 532 1114 eumdem
543 1057 772 1126 parvulumsubiru
781 1072 873 1109 mantis
881 1056 1040 1122 extendisse,

260 1140 288 1186 et
299 1145 347 1185 ore
361 1129 481 1200 proximo
499 1128 602 1199 populis
611 1127 709 1181 dixisse
723 1143 730 1180 ε
748 1125 817 1181 Ecce
826 1125 928 1180 habetis
942 1135 1043 1194 marty-

259 1214 327 1256 rem.
341 1200 458 1254 Mirabile
471 1198 542 1253 dictu
555 1195 801 1267 est,quautahu1us
815 1209 920 1265 quoque
932 1195 1042 1250 visionis

258 1269 358 1325 veritas
367 1277 508 1324 rorrsccuta
520 1276 561 1322 est
574 1284 580 1320 :
592 1281 642 1322 uec
655 1266 788 1320 immerito
801 1265 1040 1337 oliruporproplre·

260 1348 313 1394 tam
327 1338 414 1392 divina
426 1352 490 1393 voce
520 1336 653 1393 redictum
668 1344 726 1393 est:
739 1333 804 1389 licre
818 1335 990 1400 diereerriunt,
1003 1335 1042 1388 di-

262 1408 297 1462 cit
308 1406 444 1472 dominus,
457 1417 481 1461 et
509 1405 596 1460 alode
609 1405 706 1474 Spiritu
715 1422 769 1457 meo
783 1418 862 1474 super
871 1420 968 1458 orrrauu
985 1421 1041 1458 cor-

260 1493 327 1542 rtem,
340 1488 363 1530 et
376 1477 557 1547 prophetabunt
567 1476 614 1544 filii
626 1478 697 1530 uestri
708 1484 730 1528 et
748 1474 809 1541 filice
822 1483 918 1532 uerum,
934 1484 957 1527 et
966 1475 1039 1543 juve·

259 1564 303 1601 ura
319 1548 424 1601 uisiouer
438 1546 562 1608 ridebunt,
575 1555 598 1598 et
617 1561 687 1599 renea
708 1545 804 1597 sonrrriu
827 1544 984 1598 rontniulrunt
996 1561 1005 1598 :
1017 1555 1041 1599 et

259 1632 430 1684 superterram
441 1633 508 1669 oreos
525 1625 549 1668 et
561 1614 666 1668 ancillor
678 1626 745 1668 arear
758 1613 885 1679 effrrrrdom
899 1615 930 1667 de
943 1614 1041 1674 Spiritu

261 1702 316 1740 aruo
327 1703 334 1738 ι
346 1698 368 1740 et
378 1687 442 1740 dubo
463 1686 534 1755 riguo
545 1686 572 1737 ιιι
585 1684 647 1738 coelo
659 1701 757 1737 rursruu
770 1695 793 1737 et
803 1685 828 1736 iu
841 1693 906 1737 terro
921 1685 1037 1737 deorsrnu

261 1755 332 1882 gloc!
345 1771 373 1821 u,
385 1756 494 1825 28-30).
512 1753 587 1809 Unde
600 1756 679 1808 etianr
693 1755 767 1807 stella
794 1754 827 1807 ad
842 1755 927 1807 lucuru
947 1769 1038 1822 supm-

281 1828 390 1881 ictorum
405 1837 559 1897 martyrum,
573 1824 606 1879 ab
620 1823 661 1877 bis
672 1825 717 1893 qui
729 1837 790 1877 tunc
803 1824 829 1877 in
841 1838 905 1892 agro
923 1823 1038 1890 luerunt,

261 1896 409 1952 occurrisse
422 1896 544 1950 velentur.
557 1894 623 1950 Nam
638 1894 661 1947 si
680 1895 775 1963 placet.
790 1893 912 1948 secundas
932 1893 1040 1948 visionis

259 1965 372 2022 fructum
383 1966 538 2034 incipiamus
548 1963 697 2019 ostendere.
715 1962 794 2034 lgitur
804 1962 1039 2045 postquadraginta

260 2035 343 2092 lernte
356 2036 412 2102 dies
424 2051 457 2089 ex
467 2050 519 2103 quo
529 2036 577 2089 isu
586 2035 701 2089 revetata
715 2043 791 2091 strrrt.
807 2049 832 2086 nt
842 2033 901 2087 ioco
910 2049 1041 2087 uterinum·

259 2115 346 2161 torurn
358 2115 503 2177 nrartyvrun
526 2113 692 2167 riostrorum,
706 2119 758 2172 quo
782 2103 823 2157 illa
844 2113 995 2171 pergentem
1010 2119 1040 2158 se

259 2176 371 2237 viderat,
396 2175 525 2243 susceptis
550 2174 585 2226 lbi
613 2172 745 2241 reliqniis,
765 2173 1040 2240 atque‘sacvavneutis

259 2246 375 2301 bdelium
388 2244 538 2303 celebratis.
552 2242 646 2296 esinde
658 2252 794 2296 carnantes
806 2253 884 2309 atique
897 2242 1040 2310 psallentes

258 2331 318 2372 cunr
332 2317 466 2369 irurueosae
477 2313 651 2367 multitudiuis
661 2312 748 2366 clroris
760 2313 791 2366 ad
806 2312 939 2366 civitatem
954 2328 1039 2381 regre

258 2387 285 2448 qli
299 2386 436 2460 coepiurus,
453 2399 499 2453 per
514 2383 585 2436 illam
601 2397 664 2436 vero
685 2383 753 2435 viam
778 2397 836 2452 quat
854 2382 946 2449 puellre
962 2398 1039 2436 ntntt·

258 2471 338 2516 stenen
349 2469 400 2521 est,
415 2453 586 2528 portabantur
601 2452 683 2505 sarrcti
704 2450 820 2521 episcopi
842 2452 943 2532 grezuio
970 2453 1037 2505 resi-

256 2530 345 2588 dentis
358 2530 477 2585 velticulo
495 2533 595 2582 sunctae
613 2521 827 2591 reliquissent
848 2521 892 2575 rlle
913 2522 1038 2587 qrarvrrlus

258 2602 413 2657 eattdidatus
426 2600 469 2667 qui
481 2598 514 2652 ab
527 2597 569 2651 illa
584 2592 669 2654 tuerat
683 2593 763 2645 visus.
780 2590 806 2644 lu
816 2592 856 2644 sui
866 2591 962 2660 quippe
979 2607 1039 2646 cor·

293 2672 330 2725 ris
355 2669 474 2738 portione
496 2665 619 2736 parvulus
641 2661 686 2719 ille
707 2661 876 2730 cognoscitur
901 2661 1039 2716 cnrrtessnr

256 2686 365 2796 iiinsrt.
378 2739 484 2792 Dubitas
497 2752 530 2789 au
545 2744 612 2789 mart
623 2750 643 2788 'r
658 2733 780 2805 parvulus
802 2730 854 2786 sit?
871 2746 959 2786 rrouue
975 2747 1036 2799 pro-

256 2820 316 2881 pter
327 2807 501 2863 introceutiam
511 2804 611 2860 iulantu
624 2821 671 2868 us,
684 2815 791 2874 propter
801 2801 973 2856 bumilitatem
988 2819 1037 2870 qvir-

254 2880 331 2936 tillus
342 2878 403 2933 esti
416 2878 473 2946 lpse
494 2874 607 2943 denique
622 2873 734 2945 byrrrnus
747 2873 789 2942 qui
804 2888 851 2928 ore
864 2871 978 2926 tirriversi
990 2887 1039 2941 pu·

275 2949 310 3003 uli
322 2947 484 3011 cantabatur,
498 2945 523 3000 id
532 2953 582 3004 esti
599 2941 744 2998 Benedictus
762 2943 805 3015 qui
817 2943 881 2996 veuit
894 2943 920 2995 iu
937 2943 1037 2996 rrorrriue

256 2962 358 3074 Bouriui
379 3013 625 3088 (conternent),
646 3014 708 3083 quid
729 3013 811 3078 aliud,
838 3012 900 3065 dvrru
926 3013 1035 3080 repetita

256 3104 321 3144 voce
341 3096 501 3148 catrmretur,
527 3082 688 3154 significasse
707 3082 871 3154 intelligitur,
893 3081 945 3136 uisi
966 3083 1035 3148 quod

255 3156 298 3213 illa
315 3158 438 3213 erudiente
450 3155 596 3215 dicebatur.
609 3152 752 3208 Coralessor
771 3153 880 3216 Christi,
899 3151 1036 3207 cordessor

254 3226 440 3284 Cirristiiiam
457 3241 521 3280 vero
545 3223 614 3279 sicut
634 3232 768 3277 ostensum
792 3231 849 3276 erat
870 3222 974 3291 puellae,
1000 3224 1035 3277 itt

254 3300 339 3354 cereis
353 3295 576 3363 luminaribusque
601 3293 636 3346 lul
655 3293 744 3348 ebant.
763 3292 891 3347 Eamdem
917 3308 1033 3361 qnoque,

256 3384 334 3438 quam
351 3368 394 3423 illa
410 3382 456 3437 per
466 3365 595 3419 visionem
607 3309 716 3426 unierat,
729 3377 777 3417 nos
789 3363 867 3417 etiam
881 3361 1035 3416 intraviuurs

252 3438 401 3495 ecelesiam.
422 3435 508 3491 Unum
530 3431 629 3503 aliquid
647 3433 766 3486 ultimum
784 3432 817 3487 de
841 3432 911 3486 orrrrri
930 3433 1032 3487 visione

251 3510 305 3580 jum
314 3517 406 3571 restat,
422 3505 490 3577 quod
505 3503 590 3574 puella
604 3503 783 3558 eotrlessorom
803 3502 875 3556 illurn
898 3505 924 3555 in
951 3503 1048 3571 pulpi-·

254 3589 309 3633 tum
324 3579 437 3635 levatrun
454 3588 513 3630 esse
527 3581 752 3641 conspersisset
771 3572 886 3627 extensis
912 3572 1033 3628 nrrrnibus

252 3649 382 3704 diceuteur
403 3645 507 3715 pupulis
519 3644 649 3706 audierat,
664 3641 733 3696 Ecce
752 3642 853 3696 lrabetis
876 3652 1029 3711 rnrvrtyveur.

253 3719 309 3774 lluc
320 3733 424 3789 quoque
433 3713 544 3783 spiraliter
558 3713 692 3780 imprlctnru
704 3713 735 3764 sit
749 3711 835 3765 ‹livitru
848 3713 1031 3780 procuratione

252 3789 286 3843 tul
299 3798 401 3857 tctnpus
411 3784 552 3854 dignamini
565 3783 694 3851 accipere.
710 3780 809 3835 Eutleut
825 3797 937 3848 tratnquc
951 3780 993 3834 die
1005 3799 1029 3834 ru

251 3874 304 3927 qim
314 3859 437 3927 ingresse
448 3863 509 3911 sunt
523 3851 660 3910 ecclesiam
675 3851 743 3905 boati
757 3850 884 3921 Stcplrani
896 3850 1029 3918 reliquie.

250 3929 347 3999 inipso
362 3925 490 3997 principio
501 3923 688 3980 cauernictrurn
701 3922 853 3984 lectionum,
872 3921 980 3988 epistola
997 3921 1030 3974 od

250 4014 300 4055 noa
314 4013 416 4069 quoque
434 3996 521 4052 delata
535 3993 671 4062 crrjusdaru
697 3991 779 4045 saueti
800 3992 926 4060 episcopi,
939 3989 1030 4045 Severi

251 4071 368 4132 trorrtine,
393 4065 572 4122 llirruricensis¹
593 4063 695 4126 insulae,
718 4061 752 4115 de
780 4063 881 4131 pulpito
905 4061 930 4115 iu
952 4076 1031 4115 aures

252 4139 375 4194 Ecclesiae
386 4152 446 4191 cum
461 4135 559 4207 ingenti
574 4132 663 4188 livore
677 4133 783 4186 recitata
794 4142 834 4186 est
850 4148 857 4183 :
873 4146 932 4201 quc
944 4132 1033 4185 cunti·

250 4211 330 4264 ruebat
350 4207 455 4277 gloriosi
467 4201 593 4274 Stoplraui
607 4203 726 4264 virtutes,
741 4216 807 4271 quas
827 4203 853 4256 in
872 4201 956 4255 insula
974 4216 1031 4256 rue·
1058 4262 1062 4271 ¹

251 4286 351 4333 irrorata
363 4291 409 4343 per
422 4275 586 4344 presentiam
601 4273 769 4341 reliquiarum
784 4286 890 4325 suarum
911 4270 936 4324 iu
958 4272 1029 4326 salu-

251 4360 303 4401 teru
315 4347 431 4400 otnuiurn
445 4346 498 4398 illic
514 4342 677 4397 credentium
700 4343 847 4411 pcrlccerat
866 4340 1028 4395 leuticorum.

252 4417 327 4473 llrrdc
341 4431 372 4469 ιιι
384 4416 432 4468 bac
447 4414 600 4468 recitatione
609 4411 698 4466 ortium
713 4410 840 4466 lactearum
854 4426 960 4466 sinuum
973 4423 1030 4465 tau-

250 4504 327 4555 quam
340 4485 495 4541 extensione
510 4497 633 4535 mariarum
651 4496 756 4535 strarruu
778 4481 985 4535 acclamantibus
1003 4489 1029 4535 et

250 4555 441 4613 etettltatttibus
451 4552 571 4608 lideliluts
583 4551 639 4621 ipse
649 4550 737 4604 dicere
749 4551 891 4612 videretur,
905 4551 972 4604 Ecce
983 4550 1030 4604 irn-

249 4628 318 4684 betis
332 4634 484 4694 martyrem.
495 4621 590 4677 l'ertrm
606 4623 661 4673 bace
672 4619 813 4682 dictasint,
828 4621 1031 4674 utcunrmcuda-

249 4713 279 4753 re
304 4695 428 4751 tratribus
447 4688 630 4763 aliquomodo
646 4702 791 4756 possennus,
814 4705 892 4758 quatu
917 4704 970 4743 uon
990 4698 1030 4744 ut-

248 4781 362 4835 cumque
384 4773 411 4819 et
435 4759 612 4826 reincrescit
634 4759 721 4812 diviua
747 4759 899 4829 dignatione
922 4758 955 4811 ad
980 4773 1029 4812 trias

248 4833 439 4906 quantumlibet
459 4832 580 4887 ltomines
606 4837 769 4898 peccatores,
796 4829 878 4884 sarrcti
901 4827 1028 4896 Steplrani

249 4907 367 4975 reliquiae
384 4902 522 4959 videautur
533 4900 695 4971 pervenisse.

248 5013 361 5070 carot
376 5013 420 5068 lll.
434 5041 470 5053 -
486 5009 523 5063 De
536 5010 639 5063 urulirvr
652 5023 734 5070 recu,
747 5022 803 5071 quoe
813 5007 908 5075 pullutat
920 5023 976 5061 carru
987 5023 1029 5060 re-

415 5082 500 5152 liquiis
512 5081 624 5150 coratiqit,
638 5090 661 5132 ιι
672 5081 750 5132 niatrru
763 5079 863 5148 recipit.

284 5193 358 5249 Nunc
371 5209 442 5263 ergo,
454 5194 522 5248 siout
535 5191 714 5260 promisimus.
728 5190 760 5243 ad
779 5190 881 5245 notiora
903 5190 1028 5244 miracula

249 5266 395 5321 verniculus.
406 5265 471 5317 Crem
492 5264 570 5334 igitur
588 5261 708 5331 ejusdem
725 5259 776 5315 diei
793 5275 904 5330 vespere
923 5260 948 5314 iu
969 5260 1029 5315 luco

249 5333 347 5390 absidae
361 5347 440 5402 super
450 5332 601 5388 cathedram
615 5332 726 5386 velatam
739 5340 828 5386 esscru
837 5330 1028 5398 reliquiaecou·

250 5408 359 5471 stitutec,
371 5402 464 5457 tnulior
476 5400 595 5471 quaedam
611 5403 717 5455 ttorrrlue
730 5400 827 5462 llilara,
839 5402 922 5454 oculis
933 5411 1026 5469 capta,

248 5476 350 5531 civibus
363 5481 423 5527 uota
444 5471 561 5540 panaria,
576 5472 689 5526 excitata
705 5479 784 5524 taum
800 5471 890 5540 gloriae
908 5470 1029 5540 llartvris

251 5546 313 5609 ilde,
328 5554 355 5599 et
367 5542 439 5599 nuilla
452 5540 639 5595 incredulitatis
647 5541 777 5596 fluctuans
791 5538 954 5595 dubitatione
966 5539 1029 5608 (Qui

249 5615 314 5669 euim
335 5613 442 5678 lauritot,
464 5611 547 5682 inquit
566 5611 701 5677 apostolus
722 5610 844 5673 lacobus,
867 5610 1029 5664 oestiruoiitur

250 5685 387 5755 ιιιιμιιιιιιι
403 5682 488 5749 nauus,
503 5695 559 5752 ιιι·
572 5696 587 5733 u
600 5690 671 5736 rento
689 5693 798 5736 movetur
816 5691 838 5734 et
857 5680 1029 5749 urcurulertur

663 245 844 306 terenntx.
855 275 893 289 -
909 244 954 303 uti
970 243 1151 303 etntctiets
1169 245 1289 304 SANCl'l
1308 245 1475 306 sepeliant

1830 249 1880 305 did

1097 355 1209 432 [duculi
1222 376 1230 413 t
1245 359 1285 432 til)
1302 379 1309 415 ι
1322 360 1379 416 baec
1391 362 1479 432 itaque
1497 361 1523 416 ln
1536 359 1588 416 ilde
1600 359 1737 424 mborata,
1750 369 1778 414 et
1797 359 1822 416 in
1834 376 1880 428 spe

1097 430 1259 498 percipiendi
1286 429 1391 485 luminis
1413 432 1587 494 conlirroata,
1615 445 1647 485 ac
1670 429 1770 484 divitia·
1792 433 1879 500 gratiae

1095 513 1186 553 amore
1196 498 1368 564 inflammata,
1384 499 1416 554 ad
1438 500 1524 555 locum
1539 501 1584 554 ubi
1597 500 1817 568 erarrtreliquire,
1829 517 1879 569 quo

1096 567 1152 636 ipsa
1168 585 1214 638 per
1228 584 1258 623 se
1270 569 1473 640 impedientibus
1493 571 1581 625 cureris
1595 572 1681 624 oculis
1699 584 1815 636 corpore
1832 587 1878 642 ap·

1095 639 1270 708 propinquare
1283 655 1334 693 nuo
1349 648 1461 707 poterat.
1474 641 1520 694 sed
1535 641 1684 695 lucernibus
1695 640 1784 694 oculis
1793 643 1878 695 erreis

1094 707 1187 776 spiritu
1206 708 1257 772 iaru
1272 718 1445 778 perveneram
1469 711 1570 780 rogavit
1589 710 1733 779 quamdam
1759 709 1877 764 leuvinnvu

1095 777 1256 847 religiosam.
1271 787 1299 832 ut
1313 778 1362 833 sibi
1384 793 1490 832 titanum
1504 780 1588 846 deret,
1601 789 1627 833 et
1640 795 1670 831 sc
1683 778 1749 834 illuc
1763 779 1878 843 drrcetet,

1094 848 1165 901 uuile
1175 848 1260 902 lucem
1273 863 1303 902 se
1315 857 1479 917 recepturam
1492 865 1552 904 esse
1563 850 1723 904 uirrttderet.
1745 852 1803 914 Quo
1821 865 1877 903 curu

1097 916 1191 971 alienae
1204 931 1297 971 marrus
1309 919 1406 973 auxilio
1419 917 1530 973 deducta
1553 918 1663 986 luisset,
1683 918 1783 988 pallam
1803 934 1878 988 snper

1094 986 1220 1059 reliquias
1234 988 1344 1058 posinuu
1359 1003 1437 1043 uranu
1449 989 1597 1043 errabunda
1605 990 1820 1058 corrrprelreudit,
1829 1000 1879 1041 sta·

1094 1056 1194 1122 titoque
1219 1058 1273 1112 siris
1300 1059 1416 1126 utrisque
1444 1057 1586 1113 lrtrniuibus
1614 1060 1778 1127 applicante
1804 1070 1879 1127 atque

1093 1126 1189 1180 exinde
1206 1128 1322 1180 oriudum
1335 1127 1441 1196 quidem
1456 1143 1567 1197 corpore
1587 1129 1746 1195 illuminata,
1762 1130 1810 1183 sed
1827 1130 1877 1198 jam

1093 1192 1153 1250 luce
1171 1197 1231 1250 ltdci
1253 1196 1374 1251 irnrdiata
1395 1197 1524 1251 discessit.
1544 1199 1609 1252 Natu
1630 1199 1739 1267 gloriosi
1760 1199 1878 1268 llartyris

1094 1279 1189 1319 nornen
1201 1282 1270 1321 ttttvrc
1282 1282 1339 1331 ore,
1359 1281 1427 1321 ritino
1445 1272 1524 1322 etrrtlc
1562 1269 1685 1328 secando,
1704 1270 1786 1322 ctiaru
1804 1269 1878 1322 Clari·

1092 1342 1161 1388 stum
1175 1335 1313 1390 bominum
1324 1351 1375 1390 nou
1384 1338 1520 1393 reticebat.
1534 1285 1598 1405 qiua
1610 1354 1672 1394 cum
1684 1339 1795 1392 duvrrum
1806 1355 1877 1394 suam

1094 1402 1187 1460 luisset
1199 1406 1315 1472 reducta,
1331 1406 1398 1460 iutra
1412 1407 1483 1477 ipsus
1499 1423 1603 1477 quoque
1616 1408 1783 1463 dorrresticus
1795 1412 1878 1476 parie-

1094 1480 1134 1527 tes
1146 1475 1177 1529 ad
1191 1476 1349 1530 evincendas
1361 1477 1487 1546 cecitatis
1508 1479 1640 1542 tenebras,
1656 1480 1733 1547 quasi
1755 1479 1877 1534 adversus

1092 1545 1200 1599 Amalec
1218 1546 1319 1600 bostem
1341 1545 1434 1610 lesul,
1457 1552 1606 1601 continuam
1633 1551 1758 1602 oratioue
1781 1564 1877 1618 [iugara-

1094 1612 1139 1668 hat
1151 1615 1247 1684 (Exod.
1262 1616 1336 1685 xvir).
1348 1617 1440 1669 Pavum
1454 1618 1550 1686 aliquid
1564 1620 1649 1672 unctis
1662 1620 1878 1678 transierant-um

1091 1698 1155 1739 eece
1175 1687 1285 1749 nrttlicv,
1300 1687 1360 1739 ostii
1376 1688 1415 1740 sui
1431 1687 1510 1741 linteo
1525 1703 1641 1756 egressu,
1659 1689 1787 1756 pavrlatiru
1803 1693 1879 1760 eoegrit

1091 1753 1180 1809 lttvrreu
1192 1759 1321 1823 recipere,
1334 1757 1367 1808 ita
1383 1766 1411 1810 ut
1424 1758 1536 1837 parietes
1550 1770 1641 1811 cursura
1656 1761 1761 1828 positos
1777 1763 1877 1828 aspice-

1091 1832 1142 1890 ret,
1156 1835 1183 1879 et
1194 1825 1282 1881 silices
1298 1826 1391 1895 plateae
1410 1843 1467 1879 visu
1485 1827 1658 1882 discertteret.
1681 1828 1831 1898 Statiruquc
1850 1834 1879 1882 ti-

1091 1893 1154 1948 lium
1168 1909 1244 1948 sutum
1257 1896 1407 1965 appellavit,
1424 1906 1503 1965 atqcue
1516 1897 1557 1950 lris
1572 1899 1659 1951 verbis
1672 1900 1772 1968 alloqui
1783 1903 1877 1968 roepit:

1092 1962 1151 2027 Fili,
1172 1980 1260 2018 norrrrc
1281 1967 1322 2018 isti
1338 1967 1449 2034 parietes
1463 1966 1496 2020 de
1518 1967 1598 2020 dvrrrro
1617 1969 1726 2020 irrlautis
1749 1970 1828 2023 villici
1843 1972 1878 2042 (a)

1090 2035 1170 2088 stunt?
1183 2036 1251 2089 Ecce
1263 2047 1290 2088 at
1300 2037 1389 2089 silices
1402 2036 1434 2091 de
1447 2036 1541 2105 platea.
1559 2038 1591 2090 lit
1603 2037 1669 2091 dixit
1682 2039 1708 2092 ei
1723 2038 1795 2092 itlius
1808 2058 1877 2093 serris:

1093 2103 1188 2174 thuitl
1200 2104 1337 2159 ructttirls?
1352 2115 1445 2174 putans
1458 2107 1526 2175 quod
1541 2108 1584 2161 itta
1597 2108 1725 2162 ierttunvlo
1737 2109 1762 2162 ivl
1771 2109 1876 2175 diceret,

1090 2188 1142 2227 trou
1157 2175 1278 2229 videtrdo.
1298 2175 1393 2230 lterum
1415 2177 1506 2231 levans
1520 2177 1611 2231 occulos
1627 2177 1661 2231 ad
1676 2180 1775 2232 voelum
1789 2195 1798 2233 ι
1814 2179 1878 2235 Eece

1090 2244 1176 2308 video,
1188 2246 1281 2314 inquit,
1297 2255 1323 2299 et
1335 2247 1423 2298 luuaur
1439 2262 1518 2314 super
1540 2247 1671 2302 tlieatrum
1693 2249 1784 2304 udlvuc
1802 2251 1877 2304 dirui·

1089 2313 1170 2367 diurn.
1186 2315 1338 2383 ltiritqueci
1355 2316 1423 2369 lilius
1434 2331 1496 2370 srrrrs
1512 2335 1518 2370 :
1534 2320 1621 2382 chvre
1642 2326 1668 2372 te
1689 2317 1809 2373 beleners
1828 2338 1876 2376 uon

1090 2385 1203 2438 videre?
1216 2386 1290 2454 quasi
1306 2399 1438 2454 rittnquaur
1458 2396 1533 2441 :uuea
1556 2396 1639 2441 nrater
1652 2388 1712 2457 ejus
1730 2404 1801 2442 caca
1816 2391 1876 2444 luis·

1089 2466 1141 2518 set,
1162 2453 1209 2509 sed
1229 2458 1315 2524 potius
1332 2457 1477 2510 cecitatem
1498 2458 1614 2512 tinxisset
1627 2460 1648 2511 ¹.
1668 2459 1724 2514 nec
1743 2460 1840 2514 mirum
1855 2461 1876 2516 si

1089 2525 1211 2578 arrimulis
1226 2524 1306 2579 laonio
1321 2526 1437 2579 nonduin
1452 2528 1600 2595 perciperet
1613 2544 1672 2598 quae
1689 2538 1754 2583 sunt
1766 2530 1876 2598 Spiritus

1091 2594 1137 2648 lici
1148 2594 1169 2662 ιι
1179 2592 1238 2649 Cor.
1253 2610 1280 2660 ιι,
1300 2596 1354 2665 ιιι,
1369 2597 1494 2665 ignoraus
1507 2596 1577 2667 quod
1589 2599 1652 2652 olim
1663 2600 1823 2669 praedictum
1834 2617 1876 2655 es-

1088 2671 1130 2718 set
1149 2681 1155 2717 :
1177 2663 1246 2718 Tune
1267 2667 1409 2735 optericntur
1429 2666 1495 2720 oculi
1511 2683 1632 2721 coecorrrrn
1651 2670 1728 2739 (lani.
1746 2686 1826 2728 xxxv.
1838 2673 1874 2740 5).

1090 2733 1186 2789 ilerum
1202 2734 1245 2789 illa
1260 2751 1311 2789 nou
1326 2737 1456 2791 simulatae
1471 2738 1586 2805 pristinae
1599 2741 1743 2805 cecitatis,
1762 2752 1790 2795 ut
1810 2741 1875 2796 filius

1089 2805 1197 2926 germinat
1207 2821 1213 2867 ;
1225 2806 1270 2859 sed
1286 2808 1390 2860 conseia
1407 2818 1537 2876 praecepte
1550 2825 1625 2862 trevae
1643 2810 1722 2874 lueis,
1736 2821 1764 2863 ut
1777 2813 1874 2866 veritas

1099 2874 1213 2933 valrelrut.
1231 2877 1322 2929 Avarico
1336 2875 1433 2931 Citristi
1463 2879 1542 2931 rrrtias
1556 2881 1649 2948 agelrat
1664 2882 1810 2946 :quioniam
1824 2898 1873 2936 uvrn

1088 2943 1184 2999 frustra
1200 2945 1423 3008 lleocuutavcvnt,
1456 2944 1634 3002 uillunviuudia
1646 2951 1872 3017 incertorumque,

1088 3014 1204 3079 llourr'rre,
1221 3013 1289 3069 Deua
1302 3033 1380 3080 tracus,
1391 3017 1544 3071 illuuu'rroir‘s
1565 3020 1677 3072 terrcbrus
1698 3036 1767 3074 ureur
1791 3020 1871 3092 (ent.

1088 3100 1151 3148 xvtt,
1162 3086 1219 3155 52);
1227 3094 1264 3150 et,
1276 3084 1428 3140 illuminaus
1440 3097 1466 3139 tu
1478 3088 1625 3140 vrtirrrbiliter
1639 3107 1654 3140 u
1671 3091 1798 3144 arantibus
1809 3103 1873 3146 reter-

1086 3155 1125 3208 uir
1145 3155 1229 3225 (l'sol.
1246 3172 1323 3218 etvv,
1346 3157 1374 3224 5)
1390 3173 1397 3208 ι
1414 3173 1472 3224 aquae
1497 3159 1535 3211 sic
1558 3159 1591 3212 dc
1616 3161 1751 3214 tuoutibus
1769 3164 1872 3217 aeternis

1087 3223 1209 3280 exavrdita
1226 3228 1259 3280 sit
1270 3238 1295 3281 et
1306 3227 1460 3281 illuminata.
1475 3227 1564 3282 Altera
1579 3229 1622 3282 die
1640 3246 1719 3284 rrravre
1733 3231 1767 3284 ad
1785 3235 1871 3286 eccle·

1086 3294 1152 3348 siam
1165 3296 1233 3360 sola,
1248 3298 1320 3350 nullo
1335 3297 1386 3350 alio
1404 3297 1561 3363 concitante,
1577 3298 1623 3352 sed
1646 3300 1755 3370 proprio
1776 3300 1871 3358 lumino

1085 3364 1241 3430 deducente,
1257 3367 1382 3435 perrexit.
1400 3368 1489 3420 latrtdcs
1501 3367 1545 3422 nei
1556 3377 1582 3422 ct
1596 3371 1680 3422 llrnici
1696 3370 1743 3424 liei
1763 3386 1815 3425 uon
1826 3377 1870 3425 ab·

1089 3434 1201 3499 scandit,
1215 3437 1275 3503 quid
1287 3439 1311 3489 iu
1324 3452 1354 3491 se
1368 3435 1523 3491 mirabiliter
1533 3451 1636 3508 gestum
1649 3439 1753 3505 luisset,
1762 3455 1871 3510 cougra-

1085 3505 1228 3558 tuluutiluts
1246 3516 1273 3559 et
1294 3507 1484 3560 atltttiruutllrus
1502 3509 1623 3562 litlellbus
1646 3512 1793 3565 etrrrrrarit.
1815 3513 1868 3567 ttue

1084 3590 1148 3644 ergo
1159 3577 1271 3644 pritruuu
1285 3585 1374 3630 rtuttnu
1388 3587 1430 3631 est
1441 3577 1510 3647 apud
1528 3595 1576 3633 attis
1596 3580 1622 3633 in
1635 3581 1751 3635 adventu
1764 3593 1868 3637 sarreia

1084 3660 1142 3698 rtun
1155 3646 1337 3714 reliquiarum.

1082 3754 1195 3811 caeb'l
1216 3756 1259 3812 tv.
1274 3787 1310 3798 —-
1324 3757 1360 3811 lle
1373 3758 1472 3814 leutitiae
1482 3759 1524 3829 qrri
1537 3761 1631 3816 cudens
1650 3763 1868 3844 pedrvujreqrrct,

1118 3839 1140 3880 et
1149 3828 1233 3907 sitinus
1245 3830 1326 3897 fitetur
1340 3839 1390 3894 est,·
1403 3843 1424 3884 ct
1435 3832 1466 3884 de
1477 3832 1561 3885 rttrtlttr
1579 3833 1624 3897 qui
1645 3850 1661 3886 ι
1682 3835 1760 3889 sorita
1779 3837 1869 3890 rarorbir

1119 3908 1199 3949 curuli
1212 3907 1279 3950 artui.

1118 3985 1169 4041 Pet·
1181 3987 1249 4042 idern
1263 3998 1367 4060 tetnptts
1379 3989 1484 4058 qttitlnnt
1499 3990 1613 4045 civitatis
1627 4004 1729 4054 tonsor,
1744 3996 1788 4065 qui
1801 3997 1869 4049 Curr-

1082 4056 1188 4111 curdius
1202 4059 1359 4122 vocabatur,
1384 4062 1477 4130 pedem
1499 4061 1618 4116 cadeudo
1639 4065 1765 4132 fregerat.
1787 4066 1810 4119 ls
1827 4069 1869 4120 diu

1083 4128 1151 4181 lecto
1166 4128 1338 4192 decumbens,
1355 4131 1435 4183 variis
1449 4131 1585 4185 dolovilurs
1604 4134 1783 4190 cruciabatur.
1804 4137 1867 4191 lirim

1083 4196 1144 4252 irinc
1155 4211 1215 4252 eum
1228 4200 1388 4322 parggrertatis
1400 4201 1534 4270 cogitatio,
1548 4201 1610 4256 iude
1621 4203 1791 4271 parvulorum
1802 4206 1869 4260 litte

1082 4281 1142 4324 turn
1154 4268 1268 4322 sollicite
1288 4269 1343 4322 oiu
1364 4280 1437 4324 tantu
1457 4285 1534 4325 casus
1554 4273 1594 4325 sui
1615 4286 1733 4329 maerore
1754 4278 1866 4345 positum

1083 4346 1238 4404 numeraret,
1265 4353 1328 4393 ecce
1369 4340 1462 4394 aradum
1483 4350 1571 4406 noete,
1592 4342 1650 4412 ipso
1676 4345 1782 4413 quidem
1807 4348 1868 4402 dor-

1082 4409 1191 4469 miente,
1207 4408 1321 4463 sednon
1338 4354 1383 4462 iiia
1400 4411 1560 4466 decantante
1580 4428 1666 4482 neque
1684 4415 1868 4472 obdormiente

1082 4477 1128 4547 qni
1146 4478 1262 4532 cttstodit
1282 4477 1360 4533 lsrael
1378 4479 1462 4550 (l'rol.
1487 4496 1548 4546 cxx,
1569 4482 1608 4548 l),
1631 4484 1675 4551 qui
1695 4487 1821 4552 pusilluuv
1844 4496 1868 4541 et

1083 4562 1207 4617 rrrargruuu
1221 4547 1293 4613 lecit,
1309 4557 1336 4602 et
1350 4552 1485 4619 aerqrvaliter
1496 4565 1538 4605 est
1557 4553 1593 4604 illi
1606 4567 1669 4605 etti-a
1684 4569 1733 4623 pro
1748 4558 1869 4612 omnibus

1081 4617 1160 4687 (Sap.
1172 4633 1213 4685 ιι,
1224 4619 1262 4689 8),
1276 4619 1347 4674 ιιιιιι
1362 4635 1409 4689 pec
1419 4623 1550 4675 somnium
1563 4621 1720 4692 perductum
1735 4640 1767 4681 se
1784 4627 1811 4680 iu
1826 4643 1868 4681 ar·

1081 4770 1122 4882 m*
1140 4770 1207 4834 editi,
1225 4770 1355 4835 adjuvaute
1368 4780 1435 4824 reru.
1448 4774 1535 4835 abest,
1552 4773 1689 4838 consone,
1701 4789 1716 4828 a
1727 4777 1868 4830 etonacenst

1112 4896 1122 4926 ¹
1139 4896 1180 4965 llic
1190 4900 1252 4956 post,
1264 4891 1381 5003 fusim,
1392 4896 1495 4959 aliisque
1502 4898 1590 4960 passim
1597 4896 1665 4960 locis,
1676 4897 1778 4951 lamnas
1787 4902 1869 4965 exple·

1080 4967 1136 5004 mus
1151 4962 1240 5004 uvanto
1249 4963 1263 5003 ι·
1273 4959 1390 5007 uriacensi
1400 4966 1439 5007 trs.

1114 4970 1151 5078 (ui
1168 5014 1324 5067 floriacensis
1345 5024 1401 5075 tls..
1420 5016 1494 5068 uilici.
1516 5045 1546 5056 -
1568 5019 1635 5071 adut
1653 5021 1695 5070 liic
1713 5023 1790 5074 editto
1809 5031 1866 5074 on:

1086 5093 1097 5121 ι
1113 5085 1202 5126 ιιιιιιιιιι
1218 5079 1338 5140 proprium
1357 5079 1402 5129 boc
1413 5078 1464 5129 loco
1476 5094 1532 5129 csse
1543 5081 1639 5130 videtur
1651 5096 1657 5131 :
1671 5085 1717 5134 uisi
1727 5087 1867 5146 praecedens

1085 5137 1257 5196 «vocaliuluuq
1269 5137 1375 5200 inferuis,
1394 5153 1437 5200 pro
1452 5141 1492 5190 tali
1511 5141 1579 5190 viralis
1597 5145 1723 5206 accipere,
1743 5147 1784 5195 cui
1795 5147 1869 5209 subji-

1085 5214 1097 5243 ι
1109 5200 1184 5247 ιιιιιιι
1196 5197 1266 5247 villci
1277 5212 1380 5258 nruous,
1392 5201 1457 5262 qued
1469 5202 1539 5252 norro
1551 5202 1592 5253 ille
1605 5205 1722 5262 emerit.
1732 5205 1839 5257 alterum
1849 5220 1869 5256 st

1085 5259 1216 5320 «praefers,
1234 5259 1331 5322 iufuutis
1350 5262 1438 5312 diuum
1458 5264 1515 5322 erit,
1528 5264 1795 5327 promturi-observat
1806 5271 1870 5319 euim

1086 5336 1097 5364 ι
1112 5319 1250 5378 (referente
1261 5322 1378 5383 magnoin
1389 5326 1507 5373 samsario
1515 5328 1601 5374 ιιιιιιιιι·
1608 5324 1745 5392 latinitatis)
1758 5331 1870 5379 baronius

1085 5379 1137 5428 rad
1155 5393 1244 5429 uiuunt
1261 5382 1315 5442 505,
1334 5394 1359 5432 u.
1381 5382 1423 5444 eb,
1433 5386 1495 5446 apud
1513 5385 1579 5435 atros
1601 5390 1738 5448 pareseuim
1767 5390 1871 5441 inientes

1085 5441 1184 5512 «dictos
1195 5453 1252 5490 esse
1265 5455 1354 5503 pueros
1364 5458 1398 5506 qu
1442 5459 1484 5555 ge,
1497 5461 1528 5496 et
1542 5455 1554 5495 t
1559 5448 1634 5497 ictore
1645 5449 1763 5512 Uticensi,
1775 5451 1808 5502 de
1817 5460 1870 5502 eea

1085 5510 1234 5553 «secutione
1246 5503 1410 5563 taudalorum,
1425 5507 1439 5557 lv
1459 5507 1501 5568 .3,
1514 5520 1567 5570 pag.
1576 5508 1616 5568 ts,
1626 5511 1669 5559 ubl
1688 5517 1825 5563 «tectores
1834 5514 1870 5561 ia·

1085 5578 1097 5608 ι
1108 5561 1227 5612 iatrtulosr
1243 5564 1330 5615 exsilio
1340 5567 1440 5618 traditos
1450 5569 1605 5620 esscscdlin
1622 5579 1700 5634 atque
1711 5574 1872 5636 repetundum

1086 5631 1148 5674 «est
1158 5636 1229 5672 auum
1246 5624 1298 5675 brec
1314 5626 1394 5691 loqui,
1408 5643 1462 5694 quae
1479 5629 1519 5682 vcl
1534 5629 1678 5682 adultiorcur
1695 5634 1821 5697 appellare
1832 5648 1872 5698 po·

1085 5694 1173 5736 etevat
1183 5698 1316 5749 puerunt.»
1367 5697 1396 5741 u.
