3900 6390
241 318 293 376 dli

242 435 285 506 qui
299 432 447 499 audierint,
463 431 550 488 virent
564 447 571 487 ε
585 430 677 501 reliqui
689 444 754 485 vcro
767 444 859 486 eorum
873 445 925 485 uou
938 430 1027 485 viverat

245 524 335 598 (ioan.
348 539 373 585 v,
383 522 440 592 25).
450 523 525 590 Quod
536 538 598 578 vero
608 521 734 587 subdidit,
744 521 821 576 donec
831 522 952 591 finiuntur
962 521 1030 575 mille

243 615 323 680 auni,·
343 613 539 683 intelligendum
554 620 612 678 est,
626 612 695 682 quod
709 627 742 667 eo
756 621 874 681 tempore
888 625 941 665 uou
954 611 1027 665 vixe-

243 714 315 771 runt,
325 720 378 774 quo
388 705 476 757 uivere
485 702 643 767 debuerunt,
655 702 688 757 ad
698 701 776 756 eitam
790 701 890 757 scilicet
899 700 933 755 de
943 710 1028 755 morte

245 794 415 849 transeundo.
429 793 462 847 Et
477 793 535 847 ideo
548 809 608 847 cum
618 792 675 847 dies
688 791 799 857 venerit,
812 806 864 861 quo
877 791 922 845 irat
932 800 1027 845 etcor-

243 902 338 956 porum
348 886 516 951 resurrectio,
531 900 583 938 nou
598 884 630 938 ad
643 885 722 938 uteru
732 883 765 938 de
778 881 954 937 monumentis
968 896 1028 951 pro·

242 978 352 1042 cedent,
367 977 415 1032 sed
435 977 467 1030 ad
485 977 629 1046 judiciuur;
644 975 677 1030 ad
696 976 889 1031 damnationem
909 974 1027 1040 scilicet,

242 1084 301 1139 quse
314 1067 429 1124 secunda
442 1083 514 1123 rnors
524 1068 628 1122 dicitur.
644 1069 733 1122 bortec
742 1068 812 1121 cuim
824 1066 946 1120 liniantur
956 1064 1028 1120 mille

240 1162 315 1224 attari,
330 1161 489 1230 quicumque
503 1175 554 1214 uon
567 1161 671 1226 vixerit,
683 1159 708 1213 id
720 1167 770 1222 est,
783 1158 833 1212 isto
844 1168 898 1212 toto
910 1166 1027 1226 tempore

242 1264 295 1320 qno
309 1252 395 1318 agitur
408 1250 491 1319 prima
504 1250 673 1313 resurrectio,
689 1265 740 1303 uon
754 1248 866 1302 audierit
878 1262 969 1303 uocem
983 1246 1028 1301 Fi·

241 1341 270 1398 lii
288 1342 353 1408 Dei,
368 1341 439 1397 etad
454 1344 532 1395 vitam
545 1340 579 1395 de
593 1350 678 1396 morte
697 1339 848 1404 transierim
870 1339 987 1410 prolecto
1001 1340 1028 1392 iu

241 1429 357 1486 seruum
368 1432 571 1498 resurrectione,
585 1447 644 1502 qum
656 1431 742 1485 carreis
754 1438 804 1495 est,
819 1430 844 1483 iu
860 1438 970 1484 mortem
986 1445 1029 1485 se·

241 1523 355 1578 curidum
373 1538 432 1577 cum
448 1522 504 1593 ipsa
518 1537 597 1577 carue
612 1521 741 1576 transibit.
760 1520 885 1590 Sequitur
897 1520 986 1584 euim,
1001 1529 1028 1574 et

241 1613 316 1679 dicit,
333 1611 395 1667 liae
413 1613 560 1667 resurrectio
574 1612 656 1683 prima
668 1624 713 1665 est.
729 1610 821 1664 Beatus
835 1621 858 1662 et
872 1620 971 1663 sanctus
985 1609 1028 1677 qui

242 1703 315 1758 hahet
325 1705 351 1758 iu
361 1704 408 1758 lrac
419 1705 500 1774 prium
513 1702 693 1756 resurreetione
703 1712 799 1772 purtem
811 1702 901 1771 (apoc.
912 1716 959 1766 xx,
970 1699 1026 1770 56),

242 1794 343 1859 idest,
360 1797 489 1864 particeps
506 1794 627 1865 ejusest.
649 1793 707 1864 lpse
727 1803 767 1847 est
788 1802 875 1846 autem
896 1793 1028 1860 particeps

241 1885 309 1955 ejus,
323 1887 366 1957 qui
382 1902 434 1940 uon
449 1885 534 1941 solum
547 1901 563 1940 a
577 1894 672 1947 morte,
687 1898 745 1953 qum
759 1885 784 1936 iu
799 1885 912 1952 peccatis
924 1890 974 1946 est,
987 1897 1029 1933 re-

241 1975 355 2041 uiu'ncit,
370 1992 460 2030 verum
475 1974 554 2030 etiam
568 1975 593 2029 iu
609 1989 641 2029 eo
655 1973 725 2042 quod
739 1972 872 2036 revixerit,
889 1985 1027 2041 permane-

241 2067 289 2124 bit.
302 2067 335 2122 ln
347 2069 410 2131 istis,
422 2067 515 2136 iuquit,
527 2066 636 2120 secunda
648 2081 713 2118 mors
725 2080 775 2117 aron
788 2062 860 2116 habet
873 2069 1026 2130 potestatem.

242 2159 327 2215 llabet
338 2173 402 2228 ergo
413 2160 439 2212 iu
454 2159 572 2227 reliquis,
585 2157 618 2210 de
631 2156 725 2226 quibus
738 2154 857 2223 superius
870 2153 916 2216 ait,
931 2151 1028 2221 Reliqui

241 2266 327 2304 eorum
342 2266 391 2303 non
406 2249 534 2311 cicerum,
550 2247 628 2300 dorice
646 2247 766 2314 puniemur
782 2244 850 2297 mille
867 2245 927 2296 anni
939 2257 949 2296 .·
961 2257 1028 2312 quo·

242 2341 314 2397 ulam
335 2341 385 2394 isto
403 2349 458 2394 toto
475 2340 601 2409 temporis
617 2337 770 2402 interuallo,
783 2334 851 2405 quod
865 2332 1029 2388 milleauuos

242 2439 338 2497 vocat,
351 2439 592 2501 quantumcumque
607 2429 632 2481 iu
646 2443 679 2481 eo
693 2427 804 2495 quisquc
818 2439 909 2478 eorum
924 2423 988 2477 vixit
1000 2422 1029 2476 iu

242 2537 365 2592 corpore,
380 2538 432 2574 nou
445 2521 566 2575 revisita
580 2528 676 2581 morte,
689 2518 714 2570 iu
727 2533 777 2586 qua
790 2531 849 2570 eum
865 2515 969 2569 tenebat
981 2514 1030 2567 im-

242 2615 337 2684 pietas,
353 2622 382 2667 ut
395 2614 434 2667 sio
448 2611 630 2667 reviviscendo
648 2613 739 2681 prium
755 2605 954 2662 resurrectionis
967 2622 1029 2675 par·

193 2702 200 2716 ·
242 2706 327 2773 ticeps
343 2701 436 2767 lieret,
451 2709 530 2771 atque
548 2699 576 2754 iu
593 2714 626 2754 eo
646 2708 801 2768 potestatem
822 2696 936 2752 secunda
958 2709 1029 2751 mors

243 2807 297 2848 neu
310 2792 429 2848 haberet.

242 2903 355 2960 CAPUT
374 2901 408 2958 X.
424 2932 460 2942 -
474 2901 542 2968 Quid
553 2898 753 2971 respondendum
768 2898 801 2952 sit
813 2898 864 2962 eis,
881 2898 924 2969 qai
940 2906 1030 2967 putant

276 2994 483 3049 resurrectionem
496 2993 529 3046 ad
543 2993 597 3047 sola
608 3007 725 3063 corpora,
740 3007 790 3044 non
802 2989 921 3043 etiamad
933 2991 1030 3043 aniraas

277 3097 409 3158 pertinere.

277 3177 345 3233 Suut
357 3176 400 3247 qui
413 3183 506 3246 putant
520 3173 741 3229 resurrectionem
756 3170 806 3226 dici
822 3186 873 3224 uon
890 3183 967 3240 posse
979 3168 1029 3225 uisi

244 3282 402 3339 corporum:
426 3269 537 3336 ideoque
558 3266 635 3320 istam
650 3279 755 3334 quoque
768 3263 793 3316 iu
807 3264 960 3332 corporibus
975 3262 1029 3331 pri-

244 3377 312 3418 maru
325 3361 437 3414 laturam
451 3374 510 3413 esse
523 3356 697 3412 curneudnut.
712 3355 829 3421 Quorum
844 3358 913 3410 euim
926 3363 977 3418 est,
991 3354 1031 3407 iu·

244 3453 352 3522 quiunt,
368 3451 480 3513 cadere,
495 3464 586 3503 eorum
600 3456 640 3502 est
655 3460 794 3515 resurgere
810 3461 817 3497 :
833 3445 930 3497 eadum
941 3453 1029 3498 autern

243 3558 354 3613 corpora
376 3540 513 3596 moriendo
527 3557 534 3592 :
550 3555 611 3592 uam
626 3547 652 3591 et
665 3553 680 3591 a
695 3537 813 3592 cadeudo
824 3535 951 3590 cadavera
963 3551 1031 3589 uuu-

242 3644 372 3707 cnpautur
387 3631 435 3702 (a).
449 3630 506 3685 lluu
518 3645 581 3700 ergo
595 3629 754 3692 arrimarum,
767 3627 898 3697 inquiunt,
912 3642 1030 3682 resurre-

242 3725 296 3780 ctio
310 3731 397 3793 potest
408 3735 478 3782 esse.
491 3721 538 3776 sed
551 3735 703 3788 corporum.
717 3719 769 3774 Sed
781 3717 844 3789 quid
856 3729 947 3773 coutra
959 3720 1032 3787 dpe-

243 3814 340 3871 stolum
350 3813 448 3876 dicuut,
460 3811 505 3879 qui
517 3827 575 3865 eam
589 3810 810 3866 resurrectionem
822 3809 936 3879 appellat
944 3810 955 3864 i
964 3809 1030 3864 Nam

243 3905 388 3961 secuudum
401 3904 570 3970 interiorem,
584 3918 636 3957 uon
650 3900 795 3957 secuudum
808 3904 966 3956 exteriorem
980 3902 1031 3955 ho·

244 4000 342 4052 minem
356 3998 445 4066 utique
460 4004 667 4061 resurrexerant,
679 3994 773 4059 quibus
785 3996 831 4060 ait,
848 3994 879 4049 Si
891 3997 1031 4050 resurrexi-

243 4088 288 4141 stis
300 4104 358 4141 cum
371 4074 469 4141 thasio
481 4128 488 4151 ,
502 4101 559 4154 qute
572 4102 670 4139 seersum
689 4095 745 4138 suut
764 4085 844 4153 rapite
857 4084 968 4154 (Colore.
986 4100 1029 4152 ιιι,

244 4180 283 4250 l).
296 4180 381 4245 Quem
394 4192 501 4232 sensum
515 4177 604 4233 uerbis
616 4176 674 4230 aliis
688 4176 749 4229 alibi
769 4176 865 4245 posuit,
879 4175 980 4235 dicens.
998 4174 1032 4230 lit

244 4270 452 4343 quenadmodum
463 4269 575 4322 Christus
588 4286 603 4321 a
614 4268 719 4322 arrortuis
729 4268 862 4321 resurrexit
873 4268 1032 4337 perplurium

244 4361 342 4422 Patris.
355 4362 391 4415 sic
403 4370 426 4413 et
437 4377 481 4414 nos
495 4361 520 4411 in
535 4360 641 4412 nouitate
652 4359 709 4412 uite
722 4358 875 4412 andrelemus
886 4360 894 4425 l
907 4356 981 4410 llum.
994 4374 1031 4422 vr,

244 4452 283 4525 d).
298 4452 365 4506 lliuc
378 4460 418 4505 est
430 4460 457 4504 et
469 4448 550 4513 illud,
566 4448 665 4517 Surqe,
681 4449 725 4517 qui
736 4448 829 4501 dormis
840 4489 847 4511 ,
862 4456 885 4500 et
899 4463 1006 4517 exsurge
1017 4463 1032 4499 a

245 4543 360 4607 mortuis,
371 4549 394 4594 et
404 4538 554 4595 illuminabit
567 4548 590 4591 te
602 4537 718 4592 Christus
728 4533 835 4608 (Ephes.
847 4553 873 4601 ι,
888 4537 943 4606 ll).
957 4537 1032 4605 Quod

245 4644 333 4689 autem
348 4633 454 4696 dieunt,
471 4644 523 4684 uou
536 4643 614 4700 posse
628 4643 781 4698 resurgere.
796 4627 846 4681 uisi
858 4629 902 4697 qui
917 4630 1031 4692 caelitum

245 4737 273 4782 et
285 4725 344 4781 ideo
356 4734 449 4794 putant
459 4721 680 4778 resurrectionem
693 4720 726 4775 ad
736 4734 857 4789 corpora,
872 4737 923 4774 uou
934 4721 966 4775 ad
977 4721 1034 4773 uui-

246 4833 305 4874 mas
324 4817 476 4888 pertinere,
490 4815 551 4884 qnia
565 4826 705 4883 corporum
724 4819 766 4866 est
783 4811 879 4866 cudere
893 4828 900 4865 :
916 4827 964 4865 cur
980 4827 1033 4865 nou

245 4909 365 4973 audiunt,
382 4907 442 4961 Non
455 4905 575 4959 recedatis
586 4905 618 4958 ab
629 4904 683 4967 illo,
694 4919 726 4957 ne
737 4903 833 4956 cadatis
846 4901 937 4975 (Ereti.
950 4919 977 4967 u,
990 4905 1033 4973 i);

247 5013 291 5068 et,
305 5003 359 5055 Suo
373 5001 475 5055 domiue
488 5007 536 5052 stat
550 5007 594 5051 out
607 4996 674 5050 cadit
690 4995 785 5069 (lione.
799 5012 852 5059 ιιι,
866 4996 895 5067 l)
907 5014 914 5056 ;
927 5004 970 5059 ct,
986 4996 1035 5059 Qui

248 5102 319 5162 putot
337 5107 365 5146 se
383 5101 465 5156 stare,
478 5089 580 5144 uideat¹
595 5105 626 5143 ne
637 5088 710 5142 eadat
725 5087 753 5158 ll
767 5087 826 5143 Gor.
841 5104 868 5152 x,
885 5087 917 5141 te
927 5087 957 5159 )?
970 5089 1036 5142 l'trto

248 5181 319 5235 euim
332 5180 400 5249 quod
414 5180 550 5246 inanima,
565 5194 616 5234 non
632 5179 658 5232 iu
670 5193 783 5247 corpore
795 5192 872 5232 casus
886 5179 935 5233 iste
945 5193 1038 5233 careu-

247 5271 299 5326 dus
312 5277 363 5324 ost.
383 5270 411 5323 Si
431 5270 510 5338 igitur
529 5268 680 5324 cadentium
693 5278 734 5322 cst
747 5268 924 5333 resurrectio,
939 5267 1038 5322 cadunt

247 5371 337 5417 autem
357 5369 384 5414 et
402 5359 513 5424 animm;
529 5359 646 5429 prolecto
660 5367 688 5413 et
702 5359 803 5412 auiuras
818 5373 958 5428 resurgere
970 5373 1034 5413 cou-

248 5453 375 5510 llteudum
390 5461 440 5506 est.
455 5450 529 5517 Quod
552 5460 640 5505 autem
659 5465 719 5505 cum
739 5449 866 5512 dixisset,
882 5448 914 5503 lu
929 5451 983 5504 istis
997 5465 1037 5502 re·

248 5547 333 5601 eundo
350 5562 417 5598 mors
432 5559 482 5597 rron
497 5542 569 5595 habet
582 5551 727 5611 potestatem
738 5556 748 5606 ,·
761 5541 880 5611 adjunxit
892 5551 971 5612 atque
985 5541 1036 5609 ait,

282 5684 290 5711 ¹
309 5685 373 5735 uss„
384 5676 428 5737 otri
439 5680 542 5740 putatae
552 5678 624 5735 sture,
637 5678 719 5724 careat
729 5685 759 5724 ne
773 5673 854 5723 cadat.

279 5740 318 5802 (a)
328 5739 377 5790 tid.
386 5752 460 5790 serm.
472 5736 526 5799 ill,
538 5748 562 5785 a.
575 5732 598 5785 2

785 312 830 370 be
843 311 1004 370 ctvttntt:
1023 311 1093 381 bet,
1113 313 1142 370 S.
1161 312 1340 371 hUGl'S'lllll

1819 314 1872 373 tto

1081 427 1135 484 Sed
1150 440 1222 484 erum
1242 430 1382 485 madores
1395 428 1442 484 Der
1454 439 1479 484 et
1491 433 1601 497 damah,
1616 442 1639 485 et
1659 442 1800 503 regnaount
1815 450 1874 487 eum

1080 533 1109 571 eo
1124 519 1194 572 mille
1211 520 1284 574 eamr
1298 535 1308 574 .·
1320 535 1373 574 uon
1387 519 1477 591 utique
1488 520 1522 575 de
1541 521 1605 575 solis
1618 521 1754 591 episcopis
1767 531 1794 577 et
1810 537 1873 591 pre·

1079 607 1194 679 sbyterrs
1206 608 1304 664 dictum
1316 618 1374 674 cst,
1387 610 1431 680 qui
1445 610 1550 681 proprie
1565 610 1621 680 jam
1634 622 1768 668 romutnr
1782 612 1809 667 in
1821 612 1876 669 lit-

1079 697 1160 754 clesia
1176 699 1330 755 sacerdotes
1344 717 1352 754 ε
1365 700 1412 755 sed
1430 701 1499 756 sieut
1516 715 1610 756 omues
1620 703 1791 759 Christianos
1804 703 1874 758 diel-

1079 800 1257 861 muspropter
1267 792 1406 864 mysticum
1416 793 1694 862 clrrisma,sicomues
1703 795 1874 860 sacerdotes.

1079 881 1203 949 quoniam
1218 881 1335 936 membra
1356 892 1418 937 suut
1440 885 1518 939 nnius
1539 884 1695 941 sacerdotis.
1717 886 1757 941 De
1775 887 1875 957 quibus

1079 971 1213 1039 apostolus
1228 972 1337 1038 Petrus,
1351 971 1442 1039 Plebs,
1457 974 1555 1044 iuquit,
1568 987 1671 1042 sonctm
1685 978 1773 1048 repale
1786 994 1873 1032 sucer-

1079 1061 1174 1116 dotium
1185 1063 1207 1131 (l
1220 1062 1291 1119 Patr.
1303 1079 1332 1129 ιι,
1344 1064 1383 1132 a).
1397 1064 1477 1129 Saue,
1488 1067 1550 1121 licet
1562 1066 1678 1123 breuiter
1688 1077 1772 1137 atque
1786 1079 1876 1122 trans-

1078 1163 1181 1218 euuter,
1197 1155 1338 1210 insinuarit
1354 1157 1436 1212 licum
1450 1170 1510 1213 esse
1522 1157 1656 1215 Christum
1670 1158 1721 1230 (a),
1736 1159 1874 1223 diceudo,

1079 1242 1228 1299 Sacerdotes
1250 1244 1298 1299 Dei
1318 1247 1468 1313 ordinati,
1490 1247 1542 1304 boc
1562 1260 1619 1314 est,
1640 1250 1729 1305 Patris
1748 1260 1777 1307 et
1796 1251 1873 1316 rum

1079 1338 1199 1403 quamvis
1220 1349 1327 1408 propter
1341 1339 1452 1395 lormam
1465 1341 1552 1409 serui,
1566 1342 1634 1397 sicut
1647 1341 1718 1398 lulius
1737 1343 1873 1409 bominis,

1079 1425 1115 1480 ita
1131 1429 1210 1482 etiarn
1225 1431 1349 1485 sacerdos
1363 1431 1483 1487 Christus
1499 1433 1609 1490 ellectus
1622 1434 1657 1488 sit
1675 1434 1702 1489 iu
1722 1444 1874 1499 aeteruum,

1078 1519 1223 1573 secuudum
1243 1519 1363 1576 ordinem
1385 1522 1579 1578 Melchisedech
1594 1522 1686 1593 (Psal.
1701 1539 1763 1591 ιιι,
1778 1525 1822 1599 ι).
1838 1527 1876 1582 bo

1078 1623 1129 1678 qua
1144 1624 1173 1664 re
1186 1609 1211 1663 iu
1226 1611 1276 1667 hoc
1289 1626 1369 1682 opere
1382 1628 1434 1669 nou
1448 1616 1530 1669 semel
1542 1614 1665 1670 diximus.

1078 1719 1189 1778 catur
1201 1723 1247 1778 xt.
1262 1753 1298 1764 -
1310 1724 1348 1778 De
1361 1723 1415 1796 Goq
1426 1737 1449 1780 et
1464 1725 1576 1799 llapop,
1592 1744 1654 1797 quor
1668 1729 1703 1782 ud
1720 1747 1875 1801 persequen-

1114 1813 1172 1867 dnm
1188 1813 1325 1869 Ecclesium
1338 1814 1400 1884 bet,
1415 1818 1514 1873 solutus
1527 1835 1607 1891 prope
1624 1821 1700 1889 finem
1710 1825 1805 1878 soeculi
1820 1825 1876 1878 din·

1114 1905 1184 1958 belus
1197 1906 1318 1960 incitabit.

1115 1996 1215 2050 Etcum
1228 1999 1293 2064 finiti
1305 1999 1406 2069 suerint,
1423 2000 1517 2071 iuquit,
1533 2002 1601 2057 mille
1615 2005 1685 2064 anni.
1700 2004 1819 2060 soluetur
1832 2024 1874 2061 ra-

1079 2097 1152 2143 tanus
1163 2088 1194 2142 de
1209 2091 1323 2143 custodia
1335 2106 1395 2157 sua,
1407 2101 1429 2144 et
1443 2090 1520 2146 exibit
1532 2093 1566 2146 ad
1574 2093 1732 2148 reducendae
1745 2097 1872 2161 notiones,

1078 2193 1134 2248 quoe
1147 2189 1205 2232 sunt
1217 2180 1243 2233 in
1257 2190 1362 2250 quatem
1373 2182 1474 2252 aepulis
1493 2193 1583 2250 terroe,
1602 2184 1657 2256 Gap
1674 2195 1697 2239 et
1718 2187 1817 2259 llrrpop
1830 2229 1837 2253 ,
1852 2199 1875 2242 rt

1079 2269 1159 2322 hahet
1167 2285 1209 2324 eos
1218 2269 1244 2323 in
1254 2269 1356 2336 belhem,
1368 2288 1473 2339 quorum
1483 2290 1600 2328 nuurems
1609 2285 1644 2329 est
1656 2285 1681 2328 ut
1691 2293 1772 2330 aream
1785 2282 1872 2333 irruas.

1079 2357 1120 2412 ild
1137 2359 1186 2413 boe
1199 2374 1262 2429 ergo
1278 2369 1339 2414 tuuc
1354 2361 1482 2428 seducet,
1499 2374 1527 2416 ut
1548 2365 1574 2418 iu
1590 2365 1640 2419 boc
1657 2365 1757 2420 bellurn
1775 2368 1871 2423 trahat.

1078 2450 1144 2506 tlara
1159 2462 1184 2504 et
1199 2461 1276 2506 aritea
1291 2452 1377 2506 modis
1391 2454 1486 2522 quibus
1500 2464 1623 2524 poterat,
1640 2471 1688 2526 per
1703 2457 1775 2512 uteie
1790 2459 1873 2512 multa

1080 2545 1190 2599 etruria
1203 2544 1354 2599 seducebat.
1371 2544 1456 2600 Exibit
1469 2556 1556 2601 autem
1570 2548 1739 2618 dictumest,
1755 2552 1781 2604 iu
1797 2566 1874 2620 aper-

1079 2641 1133 2688 taur
1162 2637 1372 2704 persecutionem
1396 2636 1428 2690 de
1452 2637 1561 2691 latebris
1587 2648 1709 2708 erumpet
1734 2641 1871 2695 odiorum.

1079 2724 1141 2781 ttae
1155 2725 1225 2780 enim
1239 2726 1291 2780 erit
1312 2726 1454 2781 novissima
1474 2728 1645 2797 persecutio,
1661 2730 1812 2785 uerrissimo
1826 2733 1873 2785 im·

1079 2815 1197 2871 minente
1209 2816 1317 2885 judicio,
1329 2832 1406 2888 quam
1422 2829 1513 2873 cerreta
1533 2819 1650 2874 Ecclesia
1667 2829 1724 2875 toto
1737 2831 1872 2876 terrarum

1080 2907 1146 2963 orbe
1160 2908 1283 2978 patimur,
1299 2910 1421 2963 universa
1435 2909 1537 2965 scilicet
1547 2910 1640 2964 civitas
1650 2908 1750 2966 Christi
1765 2913 1802 2966 ab
1813 2918 1872 2968 uui-

1080 3014 1156 3054 rersa
1172 2999 1268 3054 diaboli
1281 3001 1398 3062 civitate,
1410 3009 1622 3070 quantacumque
1634 3002 1686 3056 erit
1700 3011 1814 3072 utraque
1827 3017 1871 3058 su·

1080 3105 1129 3160 per
1144 3098 1250 3145 terram.
1267 3088 1365 3146 Gentes
1379 3090 1477 3160 quippe
1490 3091 1557 3158 istae,
1570 3106 1637 3161 quas
1651 3093 1768 3161 appellat
1780 3092 1840 3163 Gog
1848 3103 1872 3148 et

1080 3180 1187 3252 llagog,
1203 3196 1254 3235 noa
1266 3181 1304 3236 sic
1316 3191 1377 3236 snut
1391 3181 1563 3250 accipiendae,
1580 3192 1705 3252 tauquam
1722 3185 1777 3238 siut
1792 3185 1871 3254 aliqui

1081 3273 1107 3327 iu
1119 3272 1206 3342 aliqua
1219 3282 1293 3340 parte
1306 3281 1436 3327 terrarum
1451 3271 1556 3326 barbari
1570 3274 1719 3340 constituti,
1735 3275 1793 3329 sive
1807 3290 1872 3344 quos

1080 3363 1186 3434 qnidam
1200 3364 1366 3434 suspicamur
1377 3363 1458 3418 Getas
1470 3371 1497 3418 et
1510 3363 1690 3434 Massagetas,
1706 3375 1819 3436 propter
1832 3366 1874 3420 lit·

1081 3464 1151 3510 teras
1171 3457 1264 3509 horum
1289 3455 1425 3510 nominum
1450 3456 1569 3525 primas,
1593 3457 1649 3512 sire
1673 3457 1778 3527 aliquos
1805 3445 1872 3515 alios

1080 3546 1253 3615 alienigenas,
1266 3553 1294 3600 et
1312 3560 1327 3599 a
1344 3545 1464 3600 llomauo
1476 3546 1536 3615 iure
1551 3546 1694 3616 sejunctos.
1708 3548 1779 3603 Toto
1796 3564 1871 3603 riam-

1080 3653 1131 3708 que
1150 3637 1213 3692 orbe
1229 3647 1357 3691 terrarum
1379 3638 1517 3707 siguilruati
1538 3648 1600 3693 sum
1614 3639 1656 3694 isti
1671 3655 1742 3706 esse,
1756 3655 1818 3697 cum
1833 3642 1872 3697 di·

1080 3736 1151 3782 ctum
1164 3735 1215 3793 cst,
1231 3725 1352 3781 Nationes
1363 3743 1418 3796 quc
1427 3737 1484 3781 sunt
1497 3729 1523 3783 in
1536 3737 1643 3799 quatuor
1657 3731 1759 3800 angulis
1774 3742 1850 3787 terrae
1862 3749 1872 3788 :

1080 3833 1179 3888 easque
1201 3817 1313 3887 subjecit
1334 3832 1395 3872 esse
1410 3817 1465 3890 Gop
1479 3828 1503 3874 et
1518 3819 1621 3890 dlaqop.
1642 3821 1762 3888 erorum
1790 3824 1872 3879 iuter·

1081 3908 1254 3978 pretationem
1269 3908 1404 3963 nominum
1417 3922 1477 3964 esse
1491 3911 1669 3979 comperimus
1682 3910 1740 3982 Gog
1752 3922 1871 3979 tectum,

1080 3999 1173 4070 llagog
1187 3998 1220 4054 de
1230 4007 1300 4053 tecto
1314 3997 1349 4068 (b)
1363 4016 1370 4052 z
1383 4006 1507 4068 tauquam
1519 3999 1625 4064 domus,
1638 4009 1665 4054 et
1678 4001 1736 4072 ipse
1748 4005 1793 4073 qui
1809 4020 1872 4074 pro·

1081 4089 1150 4146 cedit
1167 4090 1200 4144 de
1213 4089 1304 4144 domo.
1317 4087 1417 4144 Gentes
1432 4090 1512 4161 igitur
1529 4099 1607 4154 suunt,
1624 4091 1650 4145 iu
1665 4093 1764 4162 quibus
1776 4094 1872 4150 diabo-

1083 4184 1136 4239 lum
1156 4182 1228 4238 eelut
1246 4182 1272 4236 in
1287 4182 1383 4253 abysso
1405 4182 1527 4251 superius
1547 4183 1762 4252 intelligebamus
1788 4186 1872 4242 iuclu-

1081 4289 1159 4338 sum3
1174 4281 1201 4327 et
1220 4272 1276 4343 ipse
1293 4271 1327 4326 dc
1346 4272 1398 4326 illis
1418 4273 1615 4343 quodammodo
1635 4290 1697 4330 sese
1710 4275 1828 4332 eliereus
1846 4288 1873 4332 et

1114 4385 1150 4449 (a)
1163 4384 1280 4434 christum
1288 4384 1453 4446 itaquebeum
1465 4397 1521 4434 esse
1532 4383 1709 4448 protltebautur
1717 4394 1874 4450 aperientur

1083 4455 1157 4512 tues,
1169 4445 1315 4508 quandodiis
1326 4445 1459 4495 samidcare
1465 4447 1535 4508 jussi.
1547 4447 1763 4508 respondebantse
1774 4451 1817 4500 nui
1825 4459 1874 4500 beo

1083 4518 1110 4559 et
1119 4509 1209 4558 christo
1218 4506 1360 4557 sacrificare.
1372 4508 1409 4556 sic
1416 4507 1487 4556 beata
1497 4508 1610 4569 crispina,
1623 4521 1678 4570 quae
1690 4521 1761 4571 passa
1772 4519 1812 4562 est
1819 4512 1873 4563 bio·

1082 4567 1187 4620 cletiauo
1198 4568 1329 4619 secuudum
1349 4575 1375 4618 et
1396 4569 1533 4618 traximiauo
1549 4577 1655 4630 augusto
1671 4571 1821 4634 consulibus,
1832 4564 1873 4623 die

1083 4643 1199 4681 nouarum
1207 4629 1380 4688 decembrium,
1402 4630 1465 4678 aiud
1486 4629 1604 4679 coloniam
1625 4631 1808 4692 thebestinam,
1826 4637 1873 4686 sub

1083 4692 1184 4743 anulino
1191 4689 1344 4754 proconsule,
1356 4644 1426 4740 sicml
1438 4690 1519 4740 lerunt
1529 4691 1646 4753 passionis
1656 4691 1786 4744 ttttusaera
1797 4697 1822 4745 in
1831 4705 1872 4745 ve-

1084 4760 1165 4804 terum
1177 4751 1342 4802 analectorum
1353 4759 1418 4801 tomo
1426 4753 1498 4802 tertio
1509 4751 1620 4814 uulgata:
1634 4761 1782 4816 «uunquam
1794 4770 1871 4820 ego„

1084 4815 1171 4877 inquit,
1185 4813 1343 4872 «semidocti,
1360 4827 1407 4862 uec
1424 4812 1530 4863 sacrilloo
1551 4815 1595 4863 uisi
1614 4815 1656 4863 uui
1675 4823 1725 4864 boo
1737 4826 1764 4867 et
1774 4821 1870 4869 ttomiuo

1088 4894 1100 4923 r
1111 4879 1193 4926 nosue
1202 4883 1259 4924 tesu
1269 4875 1360 4924 ctutsto
1371 4873 1427 4925 lilio
1438 4875 1501 4935 ejuS,
1512 4875 1554 4938 qui
1570 4882 1641 4924 uatus
1656 4884 1695 4926 est
1706 4885 1733 4927 et
1752 4891 1848 4941 passm.
1858 4896 1870 4924 r

1085 4942 1112 4987 Ει
1123 4938 1269 4987 ttammarius
1279 4943 1376 4998 martyr,
1386 4948 1459 4999 quem
1469 4938 1515 4984 sub
1523 4936 1610 4985 eodem
1619 4936 1721 4987 nuuliuo
1729 4939 1875 5001 proconsule

1084 4997 1216 5048 incivitate
1235 4998 1336 5059 tagensi
1357 5009 1453 5060 passum
1475 4999 1610 5059 imperante
1631 5000 1812 5052 ttarlmiauoet
1824 5001 1875 5050 Gal·

1086 5058 1151 5109 lieno
1163 5066 1282 5109 testantur
1294 5066 1347 5107 scm
1363 5061 1388 5107 iu
1400 5065 1513 5108 veterum
1533 5057 1698 5109 analectorum
1713 5069 1780 5112 tomo
1789 5070 1875 5126 quarto

1087 5122 1220 5184 publicata:
1233 5129 1373 5182 «nimquam
1381 5118 1486 5170 sacrifiea
1496 5119 1680 5179 daemoniis,sed
1688 5124 1730 5172 uui
1739 5132 1798 5184 beo,
1806 5141 1818 5170 r
1827 5133 1874 5174 etc

1087 5190 1104 5229 tt
1132 5181 1294 5245 ucaliquautu
1305 5187 1366 5243 prust,
1382 5198 1394 5227 ι
1408 5181 1537 5238 nominor
1551 5183 1594 5240 ait,
1608 5198 1620 5227 r
1637 5185 1795 5236 tesncbristo
1805 5187 1876 5236 setri-

1091 5260 1103 5289 ι
1135 5256 1218 5299 aurius.
1230 5243 1271 5305 qui
1284 5242 1340 5291 lecit
1358 5240 1446 5291 celum
1458 5251 1484 5291 et
1494 5251 1593 5303 terram,
1609 5255 1677 5293 mare
1696 5253 1722 5295 et
1733 5248 1876 5311 omniaque

1091 5305 1138 5353 riu
1151 5307 1187 5353 eis
1197 5312 1253 5353 suut
1264 5317 1271 5352 :
1284 5304 1339 5352 huic
1357 5310 1406 5353 beo
1422 5303 1543 5353 credimus
1562 5312 1588 5353 et
1604 5306 1733 5355 serviturus.
1745 5324 1757 5351 ι
1771 5315 1836 5358 ttauc
1845 5308 1877 5357 de

1086 5365 1178 5415 christo
1187 5365 1259 5413 iidem
1267 5365 1406 5427 cultumque
1417 5366 1492 5427 ipsius
1502 5367 1527 5413 iu
1539 5366 1661 5437 apostolos
1669 5369 1813 5419 renuebam
1820 5371 1877 5432 ipsi:

1088 5432 1140 5476 met
1151 5428 1245 5489 pagani,
1259 5435 1286 5475 ut
1300 5426 1385 5476 ridere
1397 5435 1436 5477 ιιι
1446 5439 1527 5485 supra,
1550 5425 1592 5474 hb.
1603 5429 1642 5484 ts,
1653 5440 1706 5487 cap.
1718 5429 1759 5488 53,
1769 5437 1797 5481 et
1807 5429 1850 5480 lib.
1863 5431 1873 5479 ι

1088 5488 1253 5537 detmuseusu
1272 5487 1485 5550 Erarrgelistarum,
1499 5501 1542 5536 un.
1555 5489 1593 5547 ll,
1614 5487 1650 5537 tt.
1665 5491 1876 5561 cyprianasetiam

1089 5548 1283 5673 laniatu
1291 5547 1719 5672 tttttditldtdltlttlffl
1730 5561 1757 5603 ⁰‘
1767 5555 1811 5603 ⁰⁰⁵
1820 5567 1878 5617 ¹¹⁰¹*

1121 5669 1232 5785 (ww
1241 5673 1467 5734 interpretationem
1474 5674 1592 5736 comperit
1602 5672 1664 5738 spru]
1676 5674 1877 5742 meorumnam

1091 5740 1132 5784 ize
1166 5735 1220 5785 tchs
1229 5748 1281 5798 cap.
1295 5747 1395 5785 ιιιιιιι.
