3900 6390
61 263 115 320 ata

63 396 143 450 quatu
156 389 185 437 ut
205 397 254 452 per
264 382 321 455 ejus
335 384 433 441 cultum
452 385 489 442 dii
503 388 604 457 possint
620 402 693 454 esse,
708 402 773 458 quos
791 387 851 444 lecit

64 474 156 530 pomo.
171 473 254 531 Citius
264 477 333 530 enim
348 478 376 531 lit
394 485 423 531 ut
437 478 515 534 homo
532 479 561 534 in
572 479 674 534 irntrore
692 479 792 548 positus
806 494 851 546 pe·

68 566 174 622 eruribus
186 582 237 622 non
248 568 397 638 intelligens
409 581 576 642 comparetur
589 569 672 642 (Psoi.
689 586 776 634 turm,
793 571 852 639 li),

69 671 147 726 ptam
162 667 191 711 ut
204 660 277 727 operi
292 659 338 714 Dei
353 660 385 713 ad
396 660 454 731 ejus
468 662 608 731 imaginem
622 660 699 725 iacto,
712 661 738 716 id
751 672 791 715 est
805 661 854 730 ipst

70 741 182 814 ltuntini,
193 763 259 817 opus
274 748 389 803 hominis
402 749 566 820 preferatur.
583 751 748 822 Quapropter
761 751 856 808 merila

70 833 152 891 homo
163 837 253 893 delicit
265 840 299 896 ab
312 841 369 905 illo,
383 844 499 912 quicum
514 842 583 910 lecit,
603 859 664 898 cum
678 843 727 898 stlti
747 843 857 913 praelicit

68 927 209 999 ipsequod
225 929 294 984 lecit.

106 1019 133 1074 ὅ.
150 1018 213 1074 lirae
232 1036 308 1088 rana,
333 1020 503 1092 deceptoria,
527 1023 685 1093 perniciosa,
709 1021 857 1090 saerilega¹

70 1104 186 1166 ilermes
195 1111 344 1184 AEgyptius,
358 1117 419 1184 qnia
434 1124 602 1186 tempusque
612 1115 779 1172 auferrentur
794 1131 859 1168 ren·

71 1204 162 1257 turum
175 1203 283 1267 sciebat,
295 1203 401 1260 dolebat
415 1224 421 1260 :
436 1207 481 1261 scd
498 1217 550 1261 tant
564 1206 730 1275 impudenter
742 1203 859 1270 dolebat,

71 1305 154 1362 quam
168 1292 349 1363 imprudenter
362 1296 472 1350 sciebat.
496 1297 553 1352 Non
567 1298 637 1352 enim
653 1296 710 1351 ltaec
721 1297 745 1350 ci
758 1297 861 1351 revela·

72 1383 276 1452 ueratSpiritus
298 1396 415 1452 sanctus,
437 1387 505 1442 sicut
525 1387 665 1457 Prophetis
685 1387 795 1451 sanctis,
817 1384 862 1456 qui

72 1471 134 1528 itae
148 1474 323 1543 providentes
334 1490 395 1531 eum
409 1477 732 1533 exsultationedieeltant:
749 1475 779 1530 Si
787 1474 862 1547 {aciei

73 1564 151 1619 domo
161 1565 231 1632 deos,
242 1576 266 1620 et
275 1583 332 1621 ecee
340 1568 390 1637 ipsi
399 1585 449 1624 aon
460 1580 517 1623 sam
528 1568 564 1623 dii
578 1568 683 1640 (larem.
697 1584 750 1630 xvt,
761 1566 819 1638 20).
830 1565 865 1622 Et

74 1655 130 1709 alio
146 1656 223 1711 loeo:
240 1656 295 1712 Erit
307 1659 334 1712 iu
348 1658 392 1712 illo
405 1659 456 1726 die,
474 1660 533 1713 dicit
546 1659 679 1722 Dominae,
695 1654 864 1712 extermiaoio

75 1749 181 1803 domina
200 1749 391 1806 simulacrorum
413 1767 429 1806 a
450 1755 526 1814 lerra,
547 1760 571 1805 et
584 1763 634 1806 aaa
647 1753 704 1821 jam
720 1751 766 1804 erit
779 1764 865 1804 eoram

75 1838 199 1893 montorio
209 1838 298 1905 (Zaalr.
311 1857 369 1907 xm,
380 1841 536 1912 approprias
544 1857 606 1897 vero
617 1842 650 1896 de
656 1840 779 1911 AEgypto,
794 1837 865 1909 quod

76 1927 111 1983 ad
125 1927 194 1984 hane
206 1945 262 1986 retu
275 1931 377 1997 atlittet,
393 1935 427 1986 ita
441 1943 548 1988 sanctus
558 1932 637 1988 isaias
653 1933 792 2003 prophetat
806 1948 814 1984 t
831 1915 866 1984 lit

78 2021 243 2076 ntooeluatar
255 2028 399 2096 ntaaaq'ac‘ta
408 2023 516 2096 AEqppti
523 2042 539 2077 a
550 2025 688 2097 sarcierint,
700 2033 771 2077 etcor
779 2039 865 2076 eorum

78 2114 242 2168 ttineetnr¹in
251 2117 286 2170 eir
299 2114 374 2184 (lsai.
388 2132 441 2182 rar,
458 2118 484 2186 i)
495 2136 501 2169 :
514 2126 540 2172 ot
549 2125 644 2172 caetera
654 2115 813 2186 hujusmodi.
825 2115 864 2169 Ex

80 2219 135 2274 quo
147 2220 243 2275 genere
256 2218 281 2260 et
295 2206 330 2261 illi
344 2215 429 2273 etarrt,
445 2207 489 2277 qui
503 2217 641 2262 venturum
655 2204 726 2276 quod
739 2205 866 2267 sciebant,

80 2291 187 2352 uenisse
200 2297 348 2366 gaudebant
365 2318 371 2354 :
391 2300 476 2369 qualis
490 2301 609 2365 Simeon,
624 2299 710 2369 qualis
725 2299 810 2361 tiana,
824 2297 869 2367 qui

81 2402 144 2442 (μοι
160 2396 250 2442 natum
263 2388 370 2454 desunt,
386 2391 471 2460 qualis
485 2390 629 2453 Elisabeth,
644 2405 703 2460 quae
716 2389 795 2444 etiam
806 2402 870 2442 eun·

82 2488 190 2548 ceptum
205 2480 230 2532 in
242 2480 340 2549 Spiritu
353 2481 460 2550 agnouit
473 2479 547 2552 (Lac.
562 2495 592 2545 tt,
603 2478 705 2545 aaa&
720 2497 739 2543 t,
755 2478 869 2548 itt-tal:

82 2570 170 2639 qualis
183 2569 287 2637 Petrus,
305 2571 439 2626 reuelante
451 2571 530 2626 Patre
546 2571 647 2635 dicens,
672 2569 709 2623 Tu
722 2587 747 2624 er
758 2567 871 2624 certata

84 2658 170 2716 Filiae
182 2661 227 2716 Dei
241 2664 288 2717 uiui
301 2662 405 2735 (llattlt.
421 2679 474 2730 stt,
488 2663 543 2730 td).
568 2663 633 2717 lluie
645 2672 732 2717 autem
745 2659 872 2732 AEgypt'to

85 2754 123 2808 illi
140 2754 248 2824 spiritus
270 2756 449 2810 indicaverant
472 2754 558 2808 lutura
582 2763 699 2822 tempora
718 2751 872 2823 perditionis

85 2859 152 2907 suae,
173 2844 217 2915 qui
229 2845 308 2900 etiam
323 2845 445 2915 praesenti
466 2844 585 2899 incarne
603 2843 714 2898 liontino
730 2850 873 2897 trementes

86 2936 220 3000 dixerunt,
244 2936 312 3003 Quid
334 2935 420 2991 uenisti
443 2944 501 2988 atate
520 2944 617 3004 tempas
639 2933 742 3004 perdere
758 2948 803 2985 aas
816 2929 873 3001 (ld-

86 3031 145 3091 itur,
158 3027 225 3098 aui?
239 3028 294 3082 site
307 3028 367 3098 quia
382 3026 497 3082 subitum
511 3026 563 3079 illis
585 3024 644 3090 luit,
668 3022 739 3092 quod
757 3021 874 3075 laturum

85 3119 206 3190 quidem,
220 3119 267 3175 sed
283 3119 381 3175 tardius
396 3120 591 3190 opinabantur3
607 3116 662 3172 siue
674 3116 734 3186 quia
747 3113 875 3185 perditio·

89 3226 150 3265 nem
166 3225 240 3264 snam
253 3210 321 3264 lianc
335 3211 418 3279 ipsam
430 3209 562 3273 dicebant,
576 3223 627 3277 qua
645 3206 724 3263 lieltat
736 3214 765 3260 ut
778 3200 876 3276 cogniti

88 3312 290 3374 spernerentur.
317 3304 350 3358 Et
373 3305 423 3358 ltoc
437 3312 494 3358 erat
511 3311 691 3372 ursicampina,
715 3299 741 3353 id
759 3306 876 3353 estante

90 3401 196 3466 tempus
216 3394 318 3466 judicii,
343 3409 395 3465 quo
418 3403 518 3448 aeterna
549 3392 717 3446 damnatione
749 3385 876 3458 puniendi

89 3498 153 3544 snat
173 3504 233 3544 cum
249 3488 371 3542 omnibus
383 3487 462 3541 etiam
478 3485 639 3550 ltaminiltus,
662 3484 706 3551 qui
719 3497 810 3537 eorum
830 3496 876 3536 so·

91 3581 187 3636 cietate
200 3579 372 3634 detinentur:
398 3577 466 3632 sicut
485 3577 579 3646 religio
593 3574 719 3644 loquitur,
747 3587 808 3642 que
828 3584 878 3626 nee

91 3667 170 3738 ialiit,
185 3686 235 3726 nec
245 3671 360 3736 lallitur;
374 3686 426 3724 non
441 3670 509 3724 sieut
528 3667 578 3722 iste
590 3665 685 3737 quasi⁸
704 3663 778 3719 omni
797 3672 879 3718 vento

92 3762 220 3818 doctrine
229 3759 291 3816 hinc
301 3771 381 3830 atque
392 3757 452 3814 inde
466 3757 592 3827 perllatus
606 3755 712 3827 (Epium.
727 3769 763 3820 ttt,
779 3751 835 3821 li),
852 3757 881 3806 et

93 3851 168 3906 salsis
181 3865 243 3905 rera
258 3851 430 3922 permiscens,
444 3849 516 3903 dalet
529 3848 604 3918 quasi
620 3846 761 3916 perituram
775 3841 881 3914 religio·

93 3958 155 3998 nem
167 3957 247 4013 qnam
269 3949 358 4012 postea
370 3939 520 4005 condietur,
535 3952 665 3992 errorem.

93 4051 207 4108 CAPUT
224 4051 318 4109 ttttttt.
329 4081 364 4091 -
376 4050 507 4116 anrttoda
525 4048 632 4103 Herater
644 4056 757 4119 patenter
771 4046 883 4116 'pereae

129 4154 183 4197 tum
191 4158 294 4198 auorum
301 4143 332 4197 rit
341 4145 468 4214 corifasiae
480 4154 675 4211 errorent,qaeta
686 4148 767 4191 tamea
775 4135 883 4190 doluerit

129 4235 317 4290 destruendam.

130 4330 158 4385 1.
170 4329 233 4384 Post
252 4327 335 4383 rtrnlta
349 4326 419 4381 enim
434 4324 467 4379 ad
484 4323 535 4379 ltoc
550 4323 635 4393 ipsum
650 4321 727 4385 redit,
742 4327 772 4374 ut
788 4319 884 4374 iterum

97 4420 167 4476 dicat
190 4417 224 4473 de
247 4417 298 4472 diis
320 4432 387 4486 quas
400 4414 521 4470 ltomines
541 4413 671 4479 iecerunt,
698 4412 735 4465 ita
749 4410 883 4480 loquens:

98 4509 151 4568 Sed
161 4512 218 4583 jani
229 4509 260 4564 de
269 4508 361 4562 talibas
371 4508 420 4561 sint
430 4507 491 4560 satis
502 4505 569 4558 dicta
583 4504 654 4556 talio.
668 4501 680 4555 1
685 4512 775 4566 teram,
790 4500 884 4570 inquil,

97 4606 131 4658 nd
141 4603 266 4657 dominam
278 4601 448 4668 rationemque
459 4597 599 4661 redeurnaa,
617 4611 649 4649 ea
662 4610 711 4664 qao
723 4593 807 4647 diuino
820 4594 886 4644 dono

97 4697 174 4750 darno
185 4693 280 4748 eainrat
290 4693 383 4746 dictam
393 4699 429 4745 eat
442 4689 574 4743 rationale.
587 4686 673 4741 ilium
683 4685 749 4739 anim
759 4684 885 4748 miranda,

98 4790 145 4846 etei
159 4787 275 4842 miranda
288 4794 345 4839 rarat
358 4799 414 4855 qaoe
434 4784 466 4836 de
485 4782 585 4835 itomiae
598 4780 665 4833 dieta
682 4787 750 4832 auat.
768 4776 887 4831 Omnium

100 4881 167 4933 enim
189 4876 340 4930 mirabilium
359 4874 417 4928 uicit
438 4872 641 4934 admirationem,
658 4867 725 4936 quod
738 4867 812 4921 domo
824 4865 888 4919 diti·

100 4986 160 5024 nam
172 4969 252 5038 potuit
266 4966 375 5020 invenire
386 4973 513 5029 naturam,
528 4970 636 5032 eamque
647 4960 750 5030 efficere.
763 4958 888 5023 Quoniam

100 5077 160 5131 erpo
174 5059 260 5132 pronai
276 5057 355 5111 nostri
375 5055 482 5109 otaltam
496 5054 612 5108 erroiaut
635 5052 701 5105 circo
721 5051 826 5103 deorum
846 5064 890 5115 ro·

101 5153 193 5206 tionem
204 5149 336 5212 increduli,
355 5156 379 5202 et
395 5164 445 5202 non
456 5146 680 5200 animadvertentes
692 5142 726 5197 ad
736 5141 830 5197 cultum
848 5157 890 5196 re·

102 5240 269 5314 ligiotretaqae
289 5240 410 5306 diuinam,
436 5239 581 5292 inuenerunt
598 5245 677 5289 artem
694 5250 744 5305 qao
770 5233 890 5303 efficerent

135 5359 144 5390 ¹
157 5355 249 5420 aliquot
259 5363 323 5413 uss,
334 5351 468 5416 menapia

103 5416 358 5530 ω’ὼῖἰριέἒιξωὲωω.
370 5423 398 5464 tt
406 5424 469 5476 uss,
480 5413 594 5464 uincetm.
603 5413 673 5463 tsnias
683 5412 797 5462 inaraeoo
806 5409 892 5472 hauet,

136 5543 148 5573 ⁸
159 5547 223 5598 tart..
235 5538 285 5604 qai.
298 5538 358 5587 ttditi
368 5545 449 5587 autem
461 5536 501 5585 alii
513 5544 539 5586 et
549 5535 711 5599 manuscripti,
720 5533 798 5599 quaoi.
809 5558 841 5570 -
850 5539 892 5583 tts.

104 5601 174 5657 2050,
186 5601 226 5664 qai
235 5599 311 5665 qnasi.
344 5606 372 5648 lt.

136 5664 195 5715 ‘sie
204 5665 269 5714 t'iud.
283 5674 333 5711 ttm.
345 5667 382 5710 Er.
394 5666 421 5709 et
430 5670 516 5709 omnes
525 5664 579 5706 ttss.
590 5685 622 5696 -
632 5666 657 5712 tn
666 5665 700 5723 ts,
709 5669 789 5723 qaam.
816 5661 845 5708 tt.

137 5722 148 5760 ⁸
160 5725 308 5790 mamenpti
320 5735 368 5776 nou
377 5723 477 5780 hahent.
488 5724 605 5785 patenter.

749 270 851 329 ldlissli
869 272 1036 333 OCTAVUS.

906 389 975 445 deos.
987 390 1033 446 Cui
1042 390 1149 445 iuventte
1157 390 1328 462 adiunxerant
1337 386 1453 442 oirtmettt
1464 387 1495 440 de
1504 381 1591 438 mendi
1599 391 1690 438 notarat

906 473 1691 552 ttatettt'eotetttrenarqaemiaearnaqaoaiamanimariacere

907 589 956 626 rton
967 583 1090 642 poterant,
1101 572 1332 629 euocarrtesanimor
1345 569 1481 624 lemanum
1488 564 1526 620 oei
1533 563 1689 635 maclarum,

907 682 949 720 ene
968 666 1111 720 indiderant
1134 665 1283 736 intopiniim
1297 662 1389 716 sanctia
1401 659 1538 728 diuinisque
1559 655 1693 726 mysteriis,

909 774 952 827 per
961 773 1023 823 qaas
1035 756 1103 810 idola
1117 767 1141 811 et
1151 757 1210 810 lene
1221 754 1339 825 faciendi,
1353 761 1375 807 et
1388 751 1462 814 maie,
1471 751 1534 804 uires
1546 748 1635 801 nalem
1648 756 1694 816 po·

908 851 1012 904 tuissent
1034 848 1112 919 (Pop.
1136 845 1191 918 aa).
1217 846 1313 902 Nescio
1331 853 1417 899 utrum
1439 843 1478 896 sie
1505 840 1695 894 coniterentur

910 942 959 1010 ipsi
974 942 1109 997 demones
1121 938 1244 1009 adjurati,
1270 935 1402 1008 quomodo
1419 933 1469 987 iste
1485 930 1624 986 eanicssue
1642 937 1694 983 est.

912 1033 1046 1101 Qrtorriam,
1060 1031 1153 1101 inquit,
1170 1030 1255 1098 pronai
1267 1030 1345 1081 nostri
1362 1023 1469 1078 maltum
1490 1021 1605 1076 errnltont
1627 1019 1696 1072 circa

912 1127 1015 1179 deerant
1033 1125 1156 1178 rationem
1175 1121 1308 1183 increduli,
1328 1127 1351 1173 et
1363 1134 1414 1171 non
1426 1114 1649 1169 animadvertentes
1662 1109 1697 1163 nd

912 1218 1006 1271 cairam
1018 1216 1209 1286 religionemque
1220 1212 1339 1275 diuinam,
1351 1211 1495 1262 inuenerant
1508 1213 1584 1258 artem
1598 1219 1647 1270 qne
1659 1204 1698 1270 el·

914 1311 1015 1379 precem
1035 1309 1104 1362 deor.
1127 1305 1321 1373 Numquidnam
1344 1304 1438 1356 saitem
1458 1297 1625 1352 mediocriter
1650 1306 1697 1348 cos

914 1402 979 1454 dixit
990 1414 1104 1466 errasse,
1114 1390 1142 1452 ni
1151 1398 1219 1450 lintre
1231 1404 1314 1449 artem
1330 1392 1478 1447 invenirent
1491 1386 1601 1442 faciendi
1621 1384 1697 1449 deos;

914 1504 960 1549 aut
973 1500 1113 1547 contentus
1131 1488 1179 1543 lnlt
1200 1487 1300 1552 dicere,
1321 1481 1460 1545 Errabant,
1487 1479 1537 1534 nisi
1550 1477 1660 1533 adderet
1671 1484 1701 1530 et

915 1587 1026 1649 diceret,
1041 1578 1151 1636 ilultum
1166 1575 1309 1633 errabam?
1331 1576 1383 1629 lste
1397 1582 1461 1642 erga
1471 1570 1569 1624 multus
1586 1571 1701 1622 erraret

917 1674 1085 1732 incredulitas
1096 1683 1149 1728 nott
1159 1667 1425 1726 animadvertentium
1439 1663 1471 1717 ad
1482 1661 1581 1716 cultum
1593 1657 1701 1727 religio-

917 1773 1030 1837 nemque
1045 1765 1172 1828 divinam,
1198 1761 1299 1816 invenit
1317 1768 1400 1811 artem
1422 1771 1472 1823 (μω
1487 1752 1604 1807 ettcerat
1624 1747 1700 1802 deos.

919 1860 951 1914 m
962 1869 1047 1913 tornea
1061 1855 1131 1927 qnod
1144 1853 1240 1907 multus
1254 1865 1329 1906 error
1340 1856 1366 1902 et
1378 1843 1548 1899 incredulitas
1559 1848 1586 1894 et
1601 1854 1616 1891 a
1629 1837 1703 1892 cultu

918 1968 948 2007 ac
971 1950 1097 2019 religione
1111 1947 1198 2001 divina
1219 1943 1323 1999 aretsio
1336 1939 1416 1994 adimi
1437 1936 1548 1999 invenit,-
1575 1942 1603 1986 nt
1622 1931 1703 1984 ltumo

919 2051 975 2096 arte
987 2041 1084 2095 iaceret
1098 2039 1172 2100 deos,
1187 2035 1238 2091 itae
1250 2033 1322 2089 dolet
1335 2032 1374 2084 uir
1385 2030 1491 2098 sapiens
1504 2034 1628 2094 tanquam
1638 2021 1703 2075 reli·
1727 2045 1730 2050 ·

919 2134 1023 2201 gionem
1042 2129 1156 2183 divinam
1168 2136 1281 2182 venturo
1296 2132 1369 2178 cetto
1380 2126 1500 2187 tempore
1514 2112 1621 2168 aulerci.
1638 2111 1703 2166 Vide'

920 2224 941 2276 si
955 2231 1007 2275 tton
1020 2230 1047 2274 et
1061 2221 1085 2271 ri
1100 2219 1188 2273 divina
1201 2216 1331 2284 majorum
1340 2225 1447 2265 suorum
1456 2220 1574 2261 errorem
1590 2212 1703 2273 praeter-

921 2315 985 2370 itum
1008 2313 1139 2381 prodere,
1164 2319 1192 2365 et
1216 2310 1242 2362 ti
1262 2297 1410 2362 diabolica*
1436 2316 1538 2372 poenam
1553 2298 1703 2351 damonum

921 2406 1036 2462 laturam
1049 2404 1140 2458 dolere
1159 2400 1337 2469 compellitur.
1364 2396 1392 2450 st
1414 2394 1484 2448 enim
1500 2390 1589 2461 proavi
1611 2402 1704 2443 eorum

922 2496 1033 2551 multum
1048 2491 1239 2549 errandoeirea
1255 2489 1363 2543 deorum
1379 2484 1506 2539 rationem
1522 2477 1707 2534 incredulitate

922 2598 949 2643 et
959 2587 1097 2640 aversione
1108 2583 1187 2637 attimi
1204 2597 1217 2634 a
1231 2581 1303 2634 cultu
1316 2593 1348 2633 ac
1360 2575 1486 2645 religione
1498 2572 1586 2626 diuina
1599 2571 1707 2623 invene·

924 2688 984 2735 runt
994 2688 1077 2732 artem
1091 2693 1141 2746 qua
1159 2674 1225 2729 deos
1238 2673 1391 2733 eilicerent;
1413 2667 1475 2737 quid
1489 2666 1595 2727 mirum,
1615 2660 1636 2715 si
1651 2661 1708 2714 ltaee

923 2788 967 2826 ars
978 2767 1262 2838 detestandaqnidquid
1274 2766 1332 2820 lecit
1342 2778 1434 2818 aversa
1448 2775 1462 2814 a
1476 2755 1708 2828 religioaedivina,

925 2868 1043 2921 attlcrtnr
1056 2864 1183 2934 religiono
1198 2862 1298 2925 diuina,
1313 2856 1483 2913 cantuaritas
1498 2849 1622 2908 emendat
1634 2861 1710 2903 erra·>

924 2974 992 3023 rem,
1020 2956 1085 3010 iales
1100 2952 1234 3022 redarguit
1246 2948 1466 3009 incredulitatem,
1488 2940 1628 2998 castrensia
1651 2943 1711 2994 cot·

926 3049 987 3117 tigit
998 3046 1163 3101 aversionem
1175 3041 1207 3096 ⁸?

961 3139 988 3194 i.
1009 3139 1036 3193 Si
1049 3137 1120 3191 enim
1137 3134 1222 3189 tacitis
1235 3131 1322 3186 causis
1332 3128 1452 3184 dixisset.
1466 3137 1578 3194 proavos
1591 3134 1653 3174 suos
1666 3118 1710 3173 ln·

926 3232 1031 3287 uenisse
1043 3239 1127 3282 artem
1138 3241 1188 3296 qua
1199 3222 1264 3278 dens
1276 3220 1393 3275 iacerent
1403 3235 1410 3280 ς
1420 3225 1537 3270 nostrum
1549 3213 1598 3266 init
1610 3210 1712 3279 ntique,

927 3324 949 3379 si
963 3321 1025 3390 quid
1039 3327 1139 3374 rectum
1154 3316 1278 3387 piumque
1294 3323 1456 3381 saperemus,
1477 3303 1613 3358 attendere
1630 3309 1658 3354 et
1670 3299 1713 3355 ri-

927 3415 992 3469 dere
1019 3423 1183 3480 nequaquam
1207 3405 1267 3459 illos
1292 3401 1326 3457 ad
1346 3402 1413 3454 hane
1433 3406 1516 3451 artem
1542 3400 1715 3463 pcrtcttturos

929 3503 1020 3569 luisse,
1037 3515 1087 3570 qna
1100 3498 1180 3552 homa
1192 3495 1256 3550 deos
1270 3493 1341 3555 lacit,
1355 3490 1377 3545 si
1389 3503 1404 3542 a
1419 3489 1529 3541 veritate
1544 3498 1594 3537 nort
1606 3480 1716 3535 aberra-

929 3605 999 3660 rem,
1019 3595 1041 3646 si
1052 3608 1082 3646 ea
1097 3603 1155 3660 quae
1172 3588 1226 3641 lieo
1236 3585 1314 3655 digna
1327 3590 1389 3637 suat
1401 3577 1550 3639 crederent,
1561 3573 1583 3628 si
1596 3572 1714 3626 aniraum

930 3686 1099 3740 adverterent
1112 3680 1145 3734 ad
1157 3679 1255 3734 cultum
1268 3675 1475 3745 religionemque
1489 3667 1615 3723 diuinam.
1627 3664 1660 3718 tit
1673 3671 1717 3716 ta-

930 3794 991 3835 men
1011 3778 1033 3832 si
1046 3789 1139 3831 causas
1151 3773 1215 3826 artis
1227 3769 1305 3839 hujus
1319 3782 1369 3822 nos
1379 3765 1529 3820 diceremus
1544 3759 1655 3813 multum
1670 3769 1715 3809 era

931 3879 1018 3925 rorem
1041 3866 1176 3921 ltomlmnn
1196 3872 1223 3918 et
1246 3858 1456 3915 incredulitatem
1472 3862 1498 3908 et
1509 3850 1588 3906 animi
1602 3844 1717 3904 errantis

932 3971 1009 4032 atquc
1022 3958 1136 4013 inlidelis
1146 3971 1161 4010 a
1173 3953 1263 4009 diuina
1275 3949 1402 4019 religione
1418 3944 1594 4005 aversionem,
1611 3947 1718 3992 utcum÷

931 4061 984 4124 ‘qne
1003 4049 1109 4106 lerenda
1125 4053 1196 4103 esset
1219 4039 1379 4113 impudentia
1401 4034 1579 4092 resistentium
1595 4026 1718 4082 veritati:

933 4157 994 4197 eunt
1008 4155 1070 4195 vero
1083 4138 1152 4192 idern
1166 4136 1232 4204 ipse,
1244 4131 1287 4202 qui
1301 4134 1457 4199 potestatem
1470 4122 1547 4192 tmjus
1558 4119 1624 4175 artis
1638 4121 1719 4185 supet·

934 4234 1021 4287 omnia
1033 4238 1129 4285 caetera
1140 4226 1250 4281 miratur
1263 4222 1290 4276 in
1302 4218 1420 4282 iromitte,
1439 4224 1491 4285 (μω
1506 4210 1619 4267 illidens
1632 4208 1720 4262 lacere

934 4337 1089 4381 eoncessum
1099 4316 1404 4382 est.etdoletventurum
1413 4315 1594 4373 essetempus,
1603 4299 1721 4372 quatiam

936 4418 1023 4474 omnia
1034 4415 1142 4470 deorum
1156 4409 1280 4480 ltgmenta
1294 4399 1487 4460 abdominibus
1502 4395 1629 4457 instituta,
1640 4390 1720 4446 etiam

937 4509 1038 4580 legibus
1061 4506 1203 4576 jubeantur
1225 4497 1343 4563 auierri;
1365 4493 1507 4551 conlitetnr
1528 4490 1619 4542 tamen
1641 4493 1721 4550 atque

937 4600 1061 4671 exprimit
1073 4611 1177 4663 causas,
1198 4607 1279 4663 quare
1292 4588 1325 4644 ad
1338 4590 1388 4644 ista
1402 4591 1556 4656 peruentum
1567 4579 1612 4643 sit,
1631 4575 1722 4630 dicens

938 4699 1050 4763 proavos
1060 4703 1122 4744 siras
1132 4685 1216 4741 multo
1229 4697 1320 4739 errore
1328 4690 1355 4736 et
1363 4675 1554 4737 incredulitate,
1565 4677 1592 4724 et
1604 4667 1722 4721 animum

939 4799 991 4838 nou
1003 4778 1163 4837 advertendo
1176 4777 1209 4832 ad
1222 4775 1324 4831 cultum
1335 4770 1542 4841 religionemque
1553 4760 1668 4817 utrinam
1682 4757 1724 4812 itt·

938 4874 1044 4931 uenisse
1070 4871 1138 4925 itanc
1159 4876 1243 4922 artem
1268 4877 1320 4934 qus
1341 4861 1459 4915 lacerent
1479 4854 1565 4909 deos:
1592 4862 1641 4904 nos
1659 4837 1724 4917 quid

939 4975 1045 5039 oportet
1067 4964 1157 5019 dicere
1178 4958 1219 5015 rel
1243 4957 1331 5027 potius
1352 4950 1414 5023 quid
1436 4961 1523 5018 agere,
1549 4941 1600 4998 nisi
1613 4941 1726 5010 quantes

939 5070 1081 5131 possumus
1101 5053 1198 5126 gratias
1214 5048 1326 5104 iiourino
1343 5044 1397 5098 lieo
1411 5045 1512 5104 nostro,
1535 5035 1579 5105 qui
1592 5032 1650 5088 hacc
1662 5038 1728 5087 cottr

941 5153 1029 5209 trariis
1049 5148 1147 5213 causis,
1171 5157 1250 5215 quam
1272 5138 1389 5195 instituta
1412 5138 1485 5195 sunt,
1509 5125 1634 5183 abstulit?
1659 5123 1726 5180 Nam

941 5242 1011 5315 quod
1022 5239 1134 5295 instituit
1143 5232 1284 5291 multitudo
1294 5226 1401 5290 erroris,
1414 5221 1522 5278 abstulit
1534 5220 1574 5274 tia
1589 5217 1727 5282 veritatist

941 5334 1012 5409 quud
1026 5331 1139 5389 ittslitnit
1149 5324 1329 5386 incredulitas
1347 5317 1454 5375 abstulit
1467 5313 1552 5380 lides;
1567 5310 1637 5383 qnod
1648 5308 1725 5363 ittst't·

974 5461 1179 5524 ¹tuttselepio‚et
1193 5453 1334 5523 qnoniam
1368 5512 1374 5523 ι
1395 5510 1401 5521 Ι
1446 5506 1452 5519 .

974 5529 984 5559 ¹
995 5527 1075 5575 sicar,
1087 5531 1113 5572 et
1121 5530 1173 5569 ttss.
1183 5526 1210 5568 tt
1219 5525 1283 5576 tna,
1293 5520 1316 5565 et
1326 5511 1416 5563 tamdia
1424 5506 1552 5561 datatim.

974 5586 1063 5643 'editi
1075 5597 1129 5635 eam
1139 5579 1225 5631 aeriam
1235 5576 1343 5628 emendet
1353 5585 1469 5630 errorem,
1483 5567 1544 5634 fider
1554 5564 1684 5628 redarguat
1693 5557 1731 5611 itt-

944 5645 1116 5703 miniam,
1130 5639 1250 5711 emuersie
1260 5636 1365 5703 corrigat
1376 5633 1529 5689 noereioncm.
1538 5634 1565 5680 ttt
1576 5635 1638 5689 ttss,
1650 5620 1718 5674 (Μ

944 5711 998 5778 deq
1008 5707 1140 5773 redarguit,
1151 5701 1256 5767 corripit.
