3900 6390
270 423 346 487 parte
371 429 432 486 que
458 414 640 486 appellabatur
664 413 763 481 lsrael,
796 429 908 484 regirare
933 423 1051 484 coeperat

270 509 339 566 Osee
352 508 402 582 (a).
705 563 708 568 .

269 620 382 678 cnudo
395 620 489 677 xxiii.
505 650 544 663 -·
560 620 602 675 De
616 619 716 692 stiptta
735 618 890 691 Erptitroeo,
912 636 969 692 pute
987 620 1052 674 inter

304 713 369 767 aurs
387 711 500 783 Siipllue
511 713 667 783 cognoscitur
679 714 710 766 de
726 710 825 766 Cluiato
838 713 960 766 euidentia
972 712 1051 766 multu

304 802 432 858 cecinitae.

302 895 330 948 l.
345 892 445 948 Eodem
465 900 585 963 tempore
599 891 716 946 nonnulli
738 890 864 964 Sibyllam
884 891 1049 964 Erytltraeam

268 984 435 1038 vaticinatam
457 982 555 1038 lerunt.
579 983 696 1053 Sibyllas
715 991 803 1037 autem
826 981 912 1037 Varro
935 983 1049 1052 prodidit

267 1073 358 1143 plures
380 1072 478 1138 luisse,
501 1087 553 1127 non
576 1087 653 1126 uttam
674 1072 721 1142 (l).
749 1072 810 1127 ltaee
828 1086 893 1128 sane
912 1072 1049 1144 Erytbrteu

267 1161 365 1233 Sibylla
387 1162 507 1232 quadarn
530 1162 563 1217 de
582 1161 689 1216 Christo
709 1161 847 1216 manifesta
869 1163 1047 1232 cortscripsit:

266 1253 336 1324 quod
350 1253 431 1309 etiarn
445 1267 494 1307 nos
512 1253 585 1323 prius
597 1254 624 1307 itt
640 1253 721 1308 latina
733 1254 822 1324 linqua
839 1254 959 1310 versibus
979 1256 1050 1311 male

266 1343 356 1400 latinis
376 1354 404 1399 et
426 1359 478 1399 non
499 1343 631 1398 stantibus
651 1344 782 1412 legimus,
807 1359 856 1414 per
869 1346 959 1400 nescio
973 1348 1049 1414 cujtts

267 1434 418 1504 interpretis
433 1433 610 1504 imperitiam,
628 1435 696 1489 sicut
709 1445 768 1504 post
786 1437 967 1505 cognorimus.
981 1437 1048 1492 Nam

266 1525 308 1581 rlr
318 1526 481 1581 clarissimus
491 1526 665 1592 Flaccianus,
679 1527 724 1598 qui
737 1529 817 1583 etiam
831 1530 972 1599 proconsul
988 1529 1047 1597 luit,

268 1616 347 1670 ltonro
359 1614 488 1671 facillime
502 1616 649 1682 facundia,
671 1618 813 1688 multaeque
829 1618 967 1686 doctrinae,
987 1635 1047 1677 cum

267 1704 301 1762 de
320 1703 425 1762 Cbristo
446 1707 674 1777 colloquerentur,
698 1723 813 1778 precum
834 1708 910 1764 nobis
927 1709 1047 1764 codicem

266 1796 385 1864 protulit,
400 1794 516 1850 carmina
529 1810 589 1850 esse
601 1794 696 1851 dicens
709 1797 816 1868 Sibyllae
831 1797 988 1868 Erythram,
1002 1800 1047 1854 ubi

266 1884 382 1940 ostendit
400 1885 513 1955 quodam
534 1886 593 1941 loco
608 1887 634 1940 iu
644 1887 775 1956 capitibus
788 1902 911 1943 uersuum
924 1889 1046 1944 ordinem

265 1973 411 2030 litterarum
427 1975 461 2029 ita
472 1990 501 2030 se
520 1975 676 2041 iubentem,
693 1984 722 2031 ut
735 1977 791 2031 lucc
801 1977 828 2032 in
838 1992 871 2032 co
883 1979 963 2034 verba
979 1980 1048 2050 lege·

266 2073 376 2129 rentur,
399 2053 478 2126 ἰηιιῦς
494 2072 606 2136 Χριιιιις
617 2071 737 2128 osuald,
755 2075 834 2138 Σωτὴρ
849 2085 855 2119 :
869 2068 940 2138 quod
954 2079 996 2125 est
1008 2069 1047 2124 iu-

265 2154 340 2222 tiue,
364 2153 438 2209 icam
459 2155 572 2210 durium
584 2155 632 2210 Dei
645 2155 728 2211 Filius
750 2156 877 2211 Salvator.
904 2157 937 2212 lii
959 2167 1046 2214 autent

265 2260 358 2302 uersus
371 2261 483 2316 quorum
500 2247 592 2316 primae
611 2247 706 2303 litterae
728 2248 808 2303 istum
829 2263 954 2316 sensum,
968 2266 1046 2320 quem

265 2337 402 2402 diximus,
417 2337 547 2403 reddunt,
562 2339 630 2394 sictut
641 2354 687 2394 eos
701 2339 807 2409 quidam
828 2342 916 2395 latinis
930 2353 957 2397 ct
971 2353 1046 2398 stan·

265 2428 337 2486 tibus
350 2429 359 2462 ¹
373 2430 494 2485 uersibus
504 2441 547 2485 est
557 2431 755 2500 interpretatus,
770 2431 820 2486 ltoc
831 2433 968 2488 continent
981 2450 988 2487 :

262 2560 265 2567 ·
318 2560 341 2583 -ι
360 2539 444 2589 iudicii
454 2540 550 2604 siguum
562 2542 572 2573 ¹
583 2539 655 2592 tellus
665 2540 894 2595 sudoreuradescet.

318 2623 340 2658 η
359 2601 448 2651 eooelo
461 2608 510 2651 lter
521 2602 634 2652 adveniet
646 2615 691 2665 per
700 2603 771 2677 secla
780 2604 877 2677 iuturtu
889 2619 896 2655 :

316 2737 339 2779 0
359 2725 425 2772 unde
436 2730 511 2772 Deum
519 2731 621 2797 cernent
632 2667 826 2798 incredultllsmacet
837 2669 939 2778 (efflas

261 2784 280 2835 ll
317 2799 340 2838 ιι
359 2783 452 2833 celsum
463 2797 516 2833 oum
527 2793 623 2844 sauctus,
634 2799 679 2835 aett
688 2788 737 2850 jam
749 2797 853 2838 termino
863 2789 888 2838 iu
900 2791 959 2852 ipso.

316 2863 339 2894 re
358 2844 487 2895 sicanimae
494 2859 548 2896 cum
559 2859 631 2896 mrue
641 2847 753 2905 aderunt,
763 2863 823 2911 quas
830 2851 1016 2915 iudicavique:

315 2909 340 2961 >i
357 2911 414 2955 mum
423 2906 490 2968 iacet
500 2905 604 2957 incultus
614 2908 697 2958 densis
704 2909 729 2958 ln
741 2912 854 2972 uepribus
861 2912 936 2961 orbis.

315 2986 338 3026 sp
359 2969 474 3030 trajicient
483 2968 610 3018 simulacta
620 2969 673 3031 viri,
685 2978 794 3021 cunctam
804 2984 902 3080 quoque
911 2986 1012 3037 pamm:

316 3047 339 3090 pq
358 3030 613 3101 llxuretterrasignis,
623 3039 909 3098 pontumquepoumque

261 3087 293 3140 lt)
315 3116 338 3139 -ι
355 3092 491 3153 luquirens,
503 3096 561 3140 tetrt
570 3098 650 3153 portas
661 3092 775 3155 effringet
784 3097 878 3144 averni,

257 3176 260 3181 -
314 3172 337 3206 ιι
356 3152 547 3202 sauctorumsed
559 3154 624 3201 enim
632 3155 772 3203 cunctaeiutt
786 3153 861 3205 libera
871 3158 937 3206 carni

314 3227 338 3272 μ]
356 3212 480 3274 iradetur,
489 3219 573 3263 sontes
583 3215 693 3264 aeterua¹
704 3215 796 3265 llanmta
807 3218 932 3269 cremabit.

313 3291 336 3334 0
355 3273 465 3324 occttltos
475 3279 543 3324 actus
550 3282 675 3336 retegens,
687 3283 745 3326 tuuc
754 3278 877 3340 quisquel
927 3286 981 3329 etur

313 3360 336 3391 aa
356 3341 462 3395 secreta,
474 3342 549 3398 atque
557 3343 621 3386 oeus
630 3338 750 3387 reserabit
758 3346 855 3400 pectora
863 3338 889 3388 lu
913 3375 920 3388 .

259 3393 291 3446 la
313 3404 337 3446 Φ
355 3402 420 3446 tuuc
431 3398 479 3446 erit
490 3404 515 3446 et
523 3397 610 3456 luctus,
621 3398 758 3447 stridebunt
768 3399 881 3449 dentibus
891 3413 983 3452 omues.

314 3457 337 3500 l*
356 3457 457 3519 nuptm
467 3455 613 3521 solisjubar,
626 3459 749 3509 eleborus
759 3461 842 3510 interit
852 3463 934 3512 astris.

313 3533 336 3575 0
357 3518 591 3569 volvetur⁸eoelum
612 3519 703 3570 lunaris
742 3519 827 3570 laudor
837 3523 923 3573 obibit.

312 3599 336 3638 ..ι
354 3579 456 3640 oejlctet
466 3577 552 3638 eolles,
563 3552 640 3631 ualles
652 3588 711 3630 exto
732 3588 758 3631 et
767 3582 798 3630 ab
809 3584 864 3632 lmo.

312 3653 336 3694 ιι
355 3647 405 3689 lton
416 3639 579 3690 eritloreltus
588 3640 824 3692 bominumsublimo
833 3641 965 3694 reialtum.

257 3696 290 3750 i)
312 3721 336 3745 .-
353 3703 636 3764 tamaequaoturcnmpis
648 3702 964 3767 maumetoerulaponu

312 3775 336 3818 0
354 3765 436 3811 omnia
446 3763 583 3822 cessabunt,
597 3762 671 3814 tellus
680 3763 801 3814 confracta
810 3766 908 3828 peribit.

251 3830 254 3835 ’
312 3836 335 3868 ιι
354 3821 580 3884 sicparlterlontcs
591 3830 723 3884 torrentur,
735 3825 949 3890 fluminaquelgnl.

312 3901 336 3934 ιε
353 3884 400 3935 sed
408 3884 465 3936 tuba
475 3891 527 3933 tum
537 3886 642 3935 sonitum
651 3886 746 3938 tristem
756 3887 870 3938 demittet
880 3889 911 3937 ab
921 3887 971 3938 alto

249 4002 252 4007 ¹
311 3958 333 4001 n
353 3946 536 4008 tabenemeus
546 3943 638 3996 bdntrs
646 3947 761 3997 nriserunt
773 3949 899 4011 ruinaque
910 3947 1024 3999 labmes:

256 4002 288 4056 at
311 4013 334 4057 -ι
352 4011 449 4057 tartare
525 4007 624 4058 ocbaos
633 4009 775 4058 monstrabit
786 4016 852 4058 tetra
863 4010 1003 4060 dehiscens.

311 4073 334 4110 ιι
352 4073 468 4118 mauram
503 4070 623 4119 ebornino
633 4071 829 4132 regessistentur
840 4069 870 4119 ad
881 4084 962 4120 unum.

311 4131 334 4172 ’a
353 4129 469 4180 aecidet¹
482 4142 497 4180 e
508 4128 576 4181 ecelis
584 4131 698 4195 ignisque
713 4138 738 4181 et
749 4130 871 4194 sulphuris
879 4135 964 4182 amnis.

256 4205 286 4265 iu
298 4208 340 4266 itis
351 4210 439 4268 latirus
451 4212 571 4269 uersibus
589 4213 623 4270 do
633 4229 721 4285 macco
739 4225 881 4286 utcumque
895 4215 1038 4281 translatis,

256 4296 293 4356 ibi
312 4313 365 4356 non
379 4302 463 4372 potuit
480 4302 524 4358 illc
543 4318 637 4359 sensus
654 4318 803 4368 occurrere,
817 4306 862 4376 qui
880 4305 980 4361 lltcum
994 4305 1038 4360 lit-

247 4396 329 4458 terae,
343 4406 402 4462 que
416 4402 477 4448 sunt
486 4393 513 4448 in
526 4409 617 4451 eorum
629 4395 768 4466 capitibus,
779 4405 979 4462 connectuntur,
994 4397 1039 4452 ubi

286 4500 296 4532 ¹
313 4501 382 4562 editi,
393 4499 473 4574 uum
483 4503 636 4574 εειιιῃιιιιιι.
652 4506 801 4568 castigantur
813 4520 846 4558 ex
862 4507 1037 4572 manuscriptis.

285 4562 296 4596 ¹
312 4563 363 4613 sola
375 4563 449 4614 edttio
459 4570 523 4624 lou,
534 4577 608 4628 nuno.

286 4623 345 4674 ¹slc
352 4623 423 4688 Juxta
434 4627 646 4689 manuscriptorum
653 4626 725 4676 iidem
730 4629 870 4690 reponimus
878 4628 926 4688 hic,
933 4628 1039 4690 judicat,

333 4687 432 4750 quidem
448 4688 550 4736 terbum
566 4694 665 4749 usurpat
676 4695 759 4758 auctor
769 4691 887 4740 orationis
901 4697 985 4740 conus
999 4698 1041 4740 tu·

338 4748 444 4812 append.
454 4755 511 4798 tout.
520 4747 544 4798 8.
553 4755 578 4797 lu
589 4754 624 4808 8.,
631 4747 734 4810 jndices
796 4755 825 4799 ll.

284 4807 432 4871 ¹sequnntur
460 4807 499 4858 ute
513 4816 620 4882 ‚nosnos
634 4823 719 4859 omnes
734 4817 787 4860 uss.
810 4818 836 4861 tn
857 4816 892 4871 e,
915 4816 1037 4861 oetermttn.

252 4868 575 4996 fflssufffflffiw
583 4879 815 4981 supraumemoratae,
824 4871 931 4936 append.
945 4882 1003 4923 totu.
1014 4876 1037 4934 ιι,

230 4977 235 4986 ,
399 4968 406 4993 p
563 4967 571 4981 ⁰
670 4967 677 4982 ⁸

318 2679 340 2711 ιι
359 2661 571 2713 εείιὶεειὶιιειιιιε
583 2675 690 2725 presens
701 2672 727 2714 ut

812 299 856 357 bil
874 297 1033 357 divinans
1052 301 1117 368 bel,
1136 301 1165 360 S.
1183 304 1362 364 tdedstltt

1839 319 1895 376 58⁰

1105 416 1223 473 rttttera
1237 420 1262 474 iu
1272 438 1359 491 greco
1370 422 1453 491 posim
1463 433 1503 479 est
1513 442 1520 492 ;
1529 425 1589 496 quia
1601 442 1652 483 non
1664 436 1894 499 potueruutrcrba
1924 433 1928 448 ³

1105 506 1185 562 latina
1200 510 1330 578 itrvcttiri,
1351 529 1410 584 quae
1424 516 1457 570 ab
1472 516 1564 572 eadent
1579 517 1666 573 littem
1691 519 1851 592 inciperent,
1866 535 1894 580 ct

1104 601 1242 655 scrutandae
1259 604 1442 659 conuenirent.
1470 606 1502 661 lli
1527 615 1616 662 autem
1634 620 1697 664 sunt
1720 626 1815 668 tersus
1829 623 1892 683 trcs,

1103 689 1210 760 quintus
1220 701 1246 746 et
1254 695 1487 751 octavusdecimus
1497 705 1525 752 et
1537 699 1762 757 nonusdecimus.
1775 703 1892 777 Dettique

1103 780 1124 833 si
1144 781 1317 854 litterasque.
1341 795 1401 840 suut
1425 786 1452 841 in
1476 787 1606 858 capitibus
1626 791 1744 847 orontium
1768 809 1892 852 uersuum

1102 880 1307 941 connectentes,
1328 875 1421 931 horum
1446 878 1524 933 trium
1535 879 1544 912 ¹
1557 894 1616 950 quac
1634 881 1741 952 scripte
1760 894 1823 938 suut
1838 901 1890 943 nou

1102 959 1229 1032 legamus,
1244 965 1290 1019 sod
1310 980 1357 1035 pro
1369 965 1409 1022 eis
1421 974 1441 1021 l·
1452 968 1585 1038 litteram,
1600 978 1724 1041 tanquam
1736 972 1766 1027 in
1789 975 1888 1031 eisdem

1102 1051 1167 1107 locis
1180 1053 1235 1122 ipsa
1247 1057 1282 1109 sit
1295 1059 1393 1132 posita,
1402 1059 1582 1128 recordemur,
1598 1062 1755 1132 exprimitur
1768 1064 1797 1120 in
1811 1069 1887 1136 quin·

1101 1156 1152 1211 quc
1162 1144 1461 1212 uerbis,lesual]ln·iatur
1471 1148 1521 1203 Dei
1534 1148 1616 1206 Filius
1626 1151 1761 1219 Solonion
1775 1156 1890 1213 sedeuru

1100 1246 1186 1302 praece
1199 1235 1250 1290 lroc
1264 1235 1371 1304 dicitur,
1392 1254 1444 1293 non
1458 1238 1551 1295 latine.
1566 1241 1600 1296 Et
1612 1252 1673 1298 sunt
1691 1259 1787 1301 versus
1799 1247 1888 1318 rigitui

1101 1335 1248 1395 etseptcm,
1257 1329 1301 1397 qui
1318 1344 1443 1385 numerus
1451 1330 1607 1402 quadratum
1621 1335 1764 1391 ternarium
1776 1338 1889 1393 solidum

1099 1415 1197 1472 reddit.
1212 1418 1273 1474 Tria
1292 1421 1362 1476 enim
1377 1431 1416 1478 ter
1427 1422 1507 1479 ducta
1520 1423 1586 1479 dunt
1600 1440 1695 1481 norem
1709 1438 1755 1483 :et
1769 1429 1826 1500 ipsa
1842 1446 1889 1485 no-

1100 1522 1159 1564 rem
1172 1510 1194 1563 si
1207 1518 1247 1566 ter
1258 1511 1407 1583 ducantur,
1421 1522 1450 1570 ut
1468 1530 1502 1570 ex
1516 1515 1609 1570 latoio
1629 1515 1711 1571 altum
1727 1517 1811 1590 figura
1825 1535 1889 1575 corr·

1100 1611 1199 1673 turpat,
1219 1603 1253 1687 ad
1272 1605 1363 1676 uiginti
1380 1615 1482 1677 septem
1498 1608 1665 1678 perueniunt.
1682 1609 1783 1665 iiorurn
1797 1621 1886 1668 autetn

1099 1708 1245 1763 granorum
1253 1697 1369 1768 quinque
1376 1698 1528 1764 uerborum,
1537 1715 1596 1769 quar
1603 1709 1674 1767 sunt,
1685 1689 1767 1765 lm
1773 1709 1889 1775 Χμιιτις

1100 1793 1158 1840 otae
1172 1793 1227 1849 Υἱὸς
1248 1797 1336 1860 auem,
1361 1786 1431 1858 quod
1449 1797 1491 1844 est
1512 1789 1602 1856 latine,
1621 1788 1698 1845 desua
1712 1789 1828 1848 Canum
1840 1792 1888 1849 Dei

1100 1873 1184 1929 Filias
1197 1875 1325 1944 Salvator,
1341 1877 1363 1931 si
1382 1877 1480 1946 primas
1492 1877 1594 1935 litteras
1607 1879 1723 1952 jungas,
1743 1883 1795 1937 erit
1810 1875 1885 1953 iprae,

1100 1964 1126 2021 id
1140 1975 1182 2021 est
1193 1966 1286 2033 Piscis,
1305 1967 1331 2020 in
1343 1983 1394 2037 quo
1405 1969 1513 2024 nomine
1523 1969 1635 2041 mystice
1644 1970 1801 2042 intelligitur
1815 1974 1886 2028 Chri·

1099 2068 1167 2123 uitta,
1185 2057 1298 2127 estquod
1321 2059 1347 2110 itt
1370 2056 1448 2127 liujus
1465 2059 1635 2114 mortalitatis
1652 2059 1751 2132 abysso
1763 2061 1836 2116 uelut
1861 2063 1885 2115 itt

1099 2162 1226 2217 aquarum
1251 2146 1428 2216 profunditate
1449 2149 1544 2220 ritus,
1567 2149 1671 2206 bocest
1684 2149 1743 2206 sine
1765 2163 1884 2223 peccato,

1098 2252 1158 2295 esse
1172 2240 1296 2308 potuerit.

1134 2328 1161 2382 2.
1187 2331 1248 2384 llaec
1270 2338 1357 2385 autent
1384 2328 1482 2401 Sybilla
1504 2329 1561 2387 siue
1587 2329 1738 2403 Etydtraa,
1763 2333 1832 2399 siue,
1857 2341 1885 2386 ut

1099 2422 1204 2492 quidattt
1225 2422 1307 2490 magis
1330 2421 1459 2489 credunt,
1473 2421 1598 2488 Curuae,
1627 2424 1662 2477 ita
1676 2423 1742 2479 uiltil
1756 2423 1838 2478 ltabet
1859 2424 1884 2479 iu

1099 2522 1155 2568 toto
1176 2515 1294 2567 carmine
1313 2527 1378 2576 suo,
1400 2512 1474 2583 cujus
1493 2513 1586 2584 exigua
1611 2512 1659 2568 ista
1679 2514 1808 2583 particula
1833 2525 1883 2578 est,

1098 2605 1168 2674 quod
1180 2603 1212 2658 ad
1234 2603 1342 2658 deoruttt
1358 2602 1482 2657 falsorum
1495 2606 1550 2657 sive
1567 2601 1696 2658 laetorum
1708 2605 1808 2659 cultum
1822 2620 1883 2676 pcr-

1099 2697 1196 2761 tineut;
1217 2694 1281 2766 quin
1296 2693 1350 2749 into
1364 2694 1399 2748 ita
1413 2695 1492 2748 ctiaut
1506 2701 1600 2748 contra
1614 2709 1660 2748 eos
1673 2703 1700 2749 et
1720 2706 1815 2749 contra
1829 2695 1885 2749 cul·

1099 2797 1171 2842 tores
1183 2802 1274 2842 eorum
1288 2787 1414 2856 loquitur,
1428 2795 1457 2839 ut
1469 2784 1495 2839 iu
1507 2800 1599 2840 eorum
1612 2802 1721 2840 numero
1734 2787 1883 2856 deputanda

1099 2878 1227 2945 rideatur,
1239 2878 1284 2948 qui
1298 2877 1430 2946 pertinent
1441 2876 1474 2930 ad
1485 2875 1617 2931 civitatem
1627 2877 1683 2931 [lei.
1698 2869 1794 2933 inserit
1804 2878 1882 2932 etiam

1097 2968 1249 3024 Lactantius
1271 2968 1345 3038 operi
1366 2981 1415 3022 suo
1431 2966 1553 3038 quaedam
1574 2967 1608 3021 de
1626 2965 1733 3022 Christo
1758 2968 1881 3022 vaticinia

1097 3060 1215 3132 Sibylla,
1228 3058 1349 3130 quamuis
1370 3072 1422 3127 nou
1437 3058 1568 3127 exprimat
1579 3055 1663 3127 cnjus.
1677 3055 1729 3112 Sed
1742 3072 1803 3128 quae
1827 3059 1882 3128 ipss

1097 3153 1247 3223 singillatim
1260 3153 1359 3223 posuit,
1373 3166 1422 3221 epu
1434 3150 1577 3204 arbitratus
1591 3164 1649 3204 sutn
1669 3149 1810 3220 conjuncta
1824 3165 1884 3206 esso

1097 3244 1227 3316 ponenda,
1244 3252 1368 3314 tanquam
1383 3257 1463 3297 unum
1475 3243 1510 3296 sit
1520 3241 1663 3311 prolixum,
1674 3257 1735 3312 quaa
1748 3241 1795 3299 ille
1805 3243 1881 3312 plura

1096 3337 1311 3393 commemorarit
1330 3331 1519 3390 utbrevia.1n
1537 3348 1625 3386 nunnus
1645 3333 1762 3403 impune,
1777 3333 1881 3404 inquit,

1095 3428 1235 3497 infidclinnt
1247 3425 1416 3496 portmueniet
1427 3439 1437 3479 .·
1447 3423 1541 3478 dadum
1550 3434 1634 3478 eutem
1647 3422 1703 3478 Deo
1716 3424 1806 3496 nlopna
1821 3442 1878 3478 mn·

1084 3518 1167 3574 ,nibus
1179 3519 1297 3583 incestis,
1312 3527 1335 3570 et
1348 3517 1475 3586 impurato
1489 3531 1532 3569 ore
1544 3524 1665 3585 exspuent
1677 3527 1810 3570 venenatos
1822 3534 1883 3588 aprr-

1095 3621 1134 3666 tatt
1147 3626 1157 3666 .·
1171 3609 1239 3664 dubit
1260 3625 1317 3672 uem
1339 3610 1373 3663 nd
1394 3608 1495 3664 amima
1513 3609 1658 3678 simpliciter
1681 3618 1797 3664 mactant
1820 3613 1881 3666 dor·

1093 3699 1206 3773 summ).
1219 3699 1251 3755 Et
1261 3700 1381 3771 colapium
1389 3700 1515 3771 occipiem
1527 3700 1626 3767 tmeit't,
1640 3714 1672 3755 nc
1684 3702 1741 3768 quia
1750 3711 1879 3773 aqnomnt,

1093 3795 1161 3866 quod
1177 3793 1286 3858 neriam
1306 3794 1344 3847 oei
1360 3791 1426 3846 undo
1438 3791 1503 3846 omit
1521 3791 1647 3860 scrinlarii
1660 3789 1789 3864 muctar,
1801 3803 1826 3848 rt
1838 3810 1880 3848 co·

1093 3902 1156 3940 rona
1167 3885 1257 3955 spinea
1269 3892 1401 3937 coronetur
1420 3881 1469 3955 (il.
1487 3881 1528 3935 ld
1547 3883 1629 3936 eiiam
1644 3892 1729 3936 nutem
1750 3883 1797 3953 lul,
1810 3893 1834 3939 ct
1846 3884 1880 3938 ati

1092 3975 1161 4031 at'tim
1176 3985 1274 4029 nectam
1291 3973 1414 4027 dederunt
1433 3971 1662 4042 :initotpitoiitntia
1674 3973 1741 4026 itanc
1753 3983 1879 4028 monstrn-

1092 4066 1153 4123 tent
1166 4082 1276 4121 ntemom
1293 4063 1339 4139 (c).
1353 4064 1417 4135 lpse
1429 4064 1494 4119 enim
1510 4064 1632 4134 incipient
1644 4074 1716 4118 taum
1729 4062 1812 4120 Deum
1830 4083 1880 4120 noa

1092 4158 1258 4224 intellexisti,
1275 4156 1401 4211 ludentem
1415 4155 1557 4210 mortalium
1574 4154 1697 4209 nurttibua
1706 4171 1717 4220 ,·
1736 4155 1781 4210 teti
1801 4156 1880 4228 epirus

1092 4252 1236 4314 cmenrrti,
1256 4260 1280 4303 et
1294 4249 1424 4302 borridum
1439 4248 1473 4319 sci
1487 4247 1608 4301 miscuisti
1630 4245 1680 4318 (a).
1701 4243 1803 4317 Templi
1822 4264 1879 4302 aero

1123 4367 1133 4399 ¹
1166 4363 1231 4426 apuu
1249 4369 1287 4412 lar.
1300 4369 1326 4411 ει
1335 4369 1399 4416 tor..
1411 4359 1497 4410 burum
1507 4357 1588 4408 tritum
1601 4363 1626 4407 itt
1638 4357 1711 4408 editis
1721 4358 1776 4409 aliis
1787 4366 1816 4410 et
1829 4373 1878 4410 tua-

1092 4428 1221 4498 nuscriqnis
1231 4424 1335 4497 terius,
1347 4422 1433 4495 borum
1453 4420 1536 4494 trium,
1548 4433 1663 4493 uersuum
1677 4419 1793 4492 uidelicet
1808 4423 1880 4485 paulo

1091 4496 1149 4539 aute
1160 4489 1284 4542 ductormtt,
1295 4494 1372 4546 qurutr
1382 4491 1409 4532 et
1417 4491 1493 4533 oetan
1503 4481 1589 4532 ducum
1601 4489 1627 4531 et
1638 4493 1694 4530 uour
1704 4481 1802 4531 decimi.

1123 4571 1159 4634 (a)
1170 4569 1311 4630 lactamina,
1322 4565 1365 4617 lib.
1376 4565 1487 4624 llustit,
1495 4575 1548 4625 cap.
1562 4561 1601 4623 te,
1609 4562 1662 4612 haec
1673 4561 1708 4611 ita
1717 4574 1801 4625 marce
1812 4575 1877 4614 cout-

1090 4639 1314 4760 melbzsal·hbme
1328 4700 1455 4758 palpassent
1463 4689 1567 4741 ἀπίστων
1579 4689 1670 4754 ὕστερον
1682 4694 1744 4750 itit.

1161 4773 1275 4818 Δώσουειν
1290 4766 1314 4814 δι
1323 4769 1373 4828 Θεῷ
1387 4769 1524 4828 panispernae
1537 4768 1612 4826 χερσιν
1630 4761 1755 4821 ἀνά-[νοις.

1161 4842 1210 4887 Καὶ
1222 4844 1333 4897 στόμασιν
1346 4843 1451 4898 priapeiae
1464 4835 1589 4893 πτὺσματιι
1601 4839 1777 4898 φαρμακῶντα.

1160 4914 1232 4958 Δὼσιι
1243 4900 1260 4956 δ’
1274 4914 1306 4962 tir
1320 4903 1524 4968 praeriperentur
1539 4901 1605 4962 ἁγνὸν
1618 4909 1671 4950 τότε
1684 4905 1763 4949 »Graan

283 4987 501 5054 'edittsoltet'un
514 5001 615 5055 ntum,
633 4992 1000 5057 Volmtnrsquoprimalittora
1020 5003 1042 5042 ν
1123 4973 1158 5038 (¹¹)
1171 4972 1326 5023 flaesslbffieffl
1337 4963 1726 5029 Laclantiusl¹³¹¹¹⁶l⁵l¹¹l¹³¹le0¹¹⁵³

251 5053 396 5112 respondem
407 5066 494 5117 graecae
502 5054 577 5126 vocali
588 5064 615 5117 0,
626 5056 689 5128 deut
698 5056 812 5167 'superius
822 5057 847 5105 itt
858 5062 944 5118 quarto
955 5068 1037 5125 uersu.

283 5109 294 5142 ¹
310 5117 346 5161 ιι.
360 5120 457 5176 erint..
470 5117 669 5169 eandmundus
680 5125 721 5167 vtu
740 5127 806 5168 ‚sun
818 5123 912 5177 etum,
927 5121 1037 5167 ueniet:

250 5181 305 5223 nam
317 5172 388 5285 hffim
406 5191 492 5229 sersus
510 5181 610 5250 primam
624 5176 730 5229 litteram
751 5185 847 5242 oportet
858 5176 969 5228 eamdem
981 5190 1037 5229 esso

361 5239 442 5288 umam
453 5242 557 5290 matteis
630 5241 638 5290 i
649 5241 722 5290 soter.

250 5241 386 5360 Ἰἵιυιῖιιιιιιι
406 5301 537 5350 rationibus
599 5300 731 5365 onologicis
751 5299 805 5352 bueo
825 5307 942 5364 pugnant.
964 5307 1037 5351 tostte

260 5359 346 5408 »mult
357 5371 433 5408 anuos
445 5360 481 5409 tt.
502 5364 614 5412 seniores
629 5363 669 5413 vel
684 5364 781 5412 ludices
798 5374 847 5425 prae
858 5369 947 5411 uerunt
961 5375 1037 5412 anttos

267 5419 304 5469 lt).
326 5419 380 5468 subl
397 5421 442 5471 tuit
462 5421 555 5471 electus
569 5435 613 5472 rex
625 5436 688 5473 auno
700 5423 761 5473 tube
771 5432 827 5473 ante
839 5424 965 5473 tltristuttt.
978 5426 1037 5472 tlrbs

250 5485 320 5531 ltotua
332 5481 378 5532 luit
389 5483 482 5532 condita
499 5496 562 5532 anuo
572 5486 618 5535 753
627 5493 683 5535 ante
698 5486 823 5534 turmioni.
840 5486 914 5533 nobas
924 5498 971 5534 nott
984 5493 1037 5534 erut
1088 5512 1145 5562 dicit
1158 5520 1166 5557 t

1077 5611 1079 5615 .
1159 5572 1227 5629 Αὐτὴ
1237 5574 1282 5639 γὰρ
1293 5575 1320 5620 σὺ
1332 5569 1409 5637 ἄφρονι
1422 5572 1462 5619 τὸν
1474 5570 1514 5625 cis
1521 5566 1570 5616 orit
1583 5564 1624 5616 οῦκ
1635 5564 1742 5650 ipimus,

250 5554 295 5590 rex
307 5544 331 5590 in
342 5543 411 5598 tuda,
423 5544 513 5592 nedum
525 5545 642 5603 mecbias,
676 5547 699 5595 ui
716 5555 774 5595 tuuc
796 5549 912 5608 temporis
931 5545 1036 5595 nondum

250 5610 322 5652 uatus
334 5613 395 5655 erat.
408 5606 529 5667 ttegnabat
539 5607 646 5667 loaiiuau,
686 5609 722 5656 'us
732 5610 800 5657 oda.
812 5615 927 5656 laneum.

282 5661 319 5726 (ir)
330 5665 453 5730 sibyllasa
465 5676 568 5716 t‘arrone
589 5668 676 5718 decem
691 5676 830 5720 numeratas
850 5669 921 5719 tradit
938 5673 1036 5719 momu-

251 5720 309 5789 dut,
321 5725 364 5778 lib.
377 5728 389 5778 l
402 5730 488 5791 metit,
499 5739 552 5791 cup.
564 5725 590 5778 6.

1163 5045 1213 5090 liet
1226 5043 1399 5105 salaputium,
1414 5043 1511 5096 σιγήσει,
1527 5042 1609 5097 μήτις
1623 5033 1708 5094 inepto

1160 5115 1203 5167 Τίς
1215 5115 1289 5172 λόγος,
1306 5114 1321 5166 ἤ
1333 5111 1398 5156 πόθεν
1410 5104 1487 5166 ἦλθεν,
1500 5105 1539 5154 irat
1549 5103 1675 5170 pituitosos
1689 5104 1781 5170 λαλήσῃ

1160 5185 1210 5230 liet
1223 5185 1330 5247 ncipatum
1346 5179 1436 5243 popiano
1450 5178 1489 5223 rit
1501 5171 1630 5222 ἀκάνθινον.
1682 5176 1685 5185 “

1121 5246 1156 5311 (ε)
1168 5245 1257 5294 ibidem
1269 5240 1339 5305 paulo
1350 5247 1404 5302 post
1415 5239 1565 5318 mamutius:

1160 5312 1200 5367 Ei,
1213 5312 1237 5359 it
1251 5316 1278 5360 τὸ
1286 5315 1373 5375 βρῶμα
1386 5309 1466 5369 polita,
1482 5325 1496 5354 a
1506 5311 1537 5362 ιὶς
1552 5303 1621 5367 δίψαν
1632 5303 1684 5364 ὅξος
1699 5299 1799 5365 lions,

1159 5385 1208 5439 Τῆς
1222 5379 1364 5447 &athildus
1377 5377 1465 5430 ταύτην
1478 5371 1717 5438 antwerpiensem.

1120 5449 1158 5511 (d)
1174 5453 1221 5495 ilos
1239 5455 1326 5495 tersus
1342 5439 1432 5491 ibidem
1447 5440 1580 5490 lactantius
1593 5435 1696 5488 uberius
1710 5431 1805 5501 sibylla
1820 5446 1875 5486 ease

1159 5643 1309 5718 liuida-uratia
1321 5645 1553 5701 ioqrotrttaq'pecn,
1568 5633 1630 5684 iilic
1640 5655 1654 5684 ιι
1676 5631 1789 5692 Mate
1851 5682 1854 5689 ,

1160 5721 1276 5788 sepem
1289 5712 1400 5782 terrim
1415 5711 1510 5779 nuru
1522 5725 1548 5759 τε
1561 5708 1633 5773 zetas
1642 5703 1766 5770 blm·
