3900 6390
90 293 142 350 osi
756 287 857 345 trouu
878 285 1070 347 Vicesimus.
1668 288 1721 346 ⁰58

90 413 132 457 tnr
150 415 197 472 pro
211 400 255 455 illu
267 443 274 464 ,
286 399 378 455 dicens
392 441 399 465 ,
411 399 470 470 quio
487 399 512 452 in
528 398 584 470 cius
601 406 636 453 est
651 413 712 468 pecc
730 414 780 468 pus
800 408 881 452 ιειιιε
933 398 1069 454 humilibus
1078 409 1162 454 cutem
1179 400 1223 454 dut
1234 401 1342 472 pradum
1364 399 1478 471 (lucebi
1492 415 1518 456 tr
1528 441 1536 466 ,
1547 400 1564 457 ti
1574 416 1582 467 ς
1594 399 1605 456 Ι
1616 399 1687 457 rer.
1698 416 1726 468 t,

91 492 196 561 (lei-eut.
209 508 282 553 ιιιι,
295 492 334 561 ii,
347 491 435 559 utiquc
445 490 550 546 interim
560 488 725 558 temporalis,
736 503 794 558 quse
804 486 882 543 bonis
942 496 949 534 .·
972 530 978 542 .
996 490 1044 545 llic
1058 491 1146 561 itaque
1159 492 1186 545 in
1198 505 1357 561 unoquoque
1367 490 1470 560 justbia
1482 500 1534 557 est,
1550 501 1579 546 ut
1590 490 1728 546 obedienti

91 583 221 652 malisque
234 581 382 636 communis
394 587 444 634 est.
937 581 1009 638 Dens
1021 580 1132 646 bomini,
1143 582 1246 637 animus
1257 581 1373 652 corpori,
1382 582 1450 638 ratio
1462 591 1551 637 antem
1563 581 1634 637 vitiis
1643 581 1724 639 edan

91 672 204 729 curbi
224 669 328 725 xliiii.
349 700 385 710 -
404 669 442 724 lle
461 685 523 739 poce
543 669 701 724 seruientium
723 667 795 732 beo,
810 667 883 738 eujus
936 671 1143 741 repugnantibus
1157 672 1279 743 imperet,
1289 670 1330 727 uel
1341 671 1500 742 subigendo,
1510 672 1552 728 rei
1565 669 1728 736 resistendo:

128 766 237 835 perferte
252 761 421 816 trunuuillitus
437 762 465 815 in
475 761 523 816 inc
536 760 668 832 temporali
679 761 729 814 nitu
741 776 791 814 nou
804 767 883 829 potest
936 771 1017 832 atque
1028 772 1057 817 nt
1067 763 1101 817 ab
1114 762 1173 833 ipso
1186 763 1240 817 beo
1254 771 1360 834 petatur
1374 769 1402 818 et
1415 763 1570 818 meritorum
1585 761 1668 834 gratia
1680 802 1689 830 ,
1700 769 1730 821 ct

129 850 296 923 apprehendi.
937 853 1012 907 nenia
1023 852 1191 919 delictorum,
1199 867 1232 909 ac
1242 851 1276 908 de
1289 852 1405 923 acceptis
1415 852 1492 908 bouis
1502 852 1646 923 gratiarum
1658 851 1729 913 actis

130 946 184 1001 Pas
197 953 287 999 antem
301 953 392 999 nostru
408 943 524 1014 propria,
539 952 566 998 et
580 942 622 998 iric
636 952 679 998 est
691 958 750 998 cum
766 941 823 997 beo
837 956 884 1012 por
938 942 1114 1013 persolvatur.
1127 941 1158 998 ln
1174 944 1218 999 illa
1232 958 1296 1000 uero
1311 958 1376 1014 pace
1388 944 1475 1007 lirrali,
1491 958 1546 1015 quo
1568 940 1729 1013 referenda,

96 1036 192 1101 Mem,
205 1036 270 1091 etin
283 1046 411 1090 ueternum
428 1036 479 1091 erit
490 1049 551 1090 cnm
565 1035 612 1090 illo
623 1049 671 1105 per
688 1034 814 1106 speciem.
830 1032 883 1090 Sed
937 1048 964 1092 ct
974 1036 1050 1109 cnjus
1064 1036 1241 1107 adipiscendo
1255 1050 1335 1092 causa
1353 1035 1475 1092 habenda
1487 1046 1529 1093 est
1543 1037 1594 1091 ista
1604 1035 1728 1106 justitia,

95 1129 139 1184 bic
150 1129 205 1183 sive
218 1126 261 1180 iliu
273 1126 421 1181 eommunis
433 1167 441 1193 ,
451 1125 508 1180 sive
522 1134 611 1180 nostra
626 1125 731 1196 propria
744 1165 752 1191 ,
766 1123 826 1178 talis
840 1132 884 1179 cst
937 1128 1061 1198 quoniam
1086 1137 1178 1183 sanata
1202 1127 1401 1183 immortalitate
1425 1136 1506 1198 atque
1531 1128 1730 1197 incorruptione

95 1235 156 1290 pas,
167 1230 196 1274 ιιι
208 1218 329 1274 solatium
344 1217 457 1273 miserim
471 1217 505 1272 sit
517 1217 698 1288 potiusquam
712 1215 885 1273 beatitudinis
938 1216 1104 1273 naturabilia
1117 1232 1169 1272 uon
1185 1217 1312 1284 babebit,
1326 1232 1376 1273 nee
1392 1217 1534 1288 uuicuique
1547 1225 1667 1275 nostrum
1686 1215 1730 1274 roi

94 1311 229 1382 gaudium.
244 1309 301 1379 ipsa
314 1324 419 1380 quoqne
433 1318 522 1364 nostra
542 1308 642 1379 justitia
655 1349 663 1375 ,
677 1308 800 1379 quamtis
820 1323 883 1364 vera
938 1308 971 1363 ab
984 1307 1038 1363 alio
1050 1308 1092 1363 ucl
1105 1324 1120 1362 a
1135 1323 1164 1364 se
1179 1309 1237 1379 ipso
1251 1307 1395 1379 quidquam
1411 1306 1578 1379 repugnabit,
1593 1323 1646 1363 uon
1660 1321 1730 1378 opat

95 1406 129 1458 sit
143 1402 315 1471 propterveri
324 1400 387 1456 boni
396 1399 474 1457 [iurem
488 1401 508 1465 ¹,
519 1400 552 1455 ad
563 1416 640 1471 quotu
652 1399 783 1465 refertur,
796 1408 884 1456 tamen
938 1400 990 1456 erit
1011 1407 1040 1456 ut
1060 1401 1128 1457 ratio
1147 1402 1236 1468 titiis,
1251 1417 1310 1472 qum
1332 1401 1404 1456 unlla
1423 1409 1502 1456 erunt
1512 1441 1521 1467 ,
1533 1403 1645 1471 imperet
1659 1418 1666 1454 :
1682 1399 1729 1457 sed

97 1504 168 1548 turris
180 1503 222 1548 est
233 1493 258 1546 in
271 1491 321 1548 bac
331 1491 393 1556 vita,
410 1500 440 1546 ιιι
454 1493 541 1560 potins
552 1501 718 1561 peecatorum
730 1493 885 1549 remissione
939 1490 1079 1561 imperabit
1100 1492 1169 1547 bens
1190 1491 1289 1546 bomini
1303 1531 1312 1558 ,
1325 1491 1431 1547 animus
1457 1497 1563 1561 corpori
1575 1506 1583 1556 ;
1604 1499 1730 1561 tantaque

96 1593 220 1649 constet,
234 1598 313 1654 quam
335 1582 496 1653 perfectione
516 1584 642 1639 virtutum
665 1583 713 1656 (u).
735 1584 822 1640 Testis
844 1593 887 1641 est
938 1582 1079 1638 obediendi
1090 1582 1125 1639 ibi
1141 1582 1192 1638 erit
1205 1583 1321 1638 suauitas
1330 1594 1356 1638 et
1367 1582 1480 1638 biettine
1492 1623 1501 1650 ,
1514 1593 1613 1654 quanta
1624 1581 1729 1641 vivendi

97 1677 184 1732 oratio
198 1677 279 1730 totius
290 1675 404 1731 ciuitatis
419 1674 476 1742 Dei,
487 1691 546 1745 qnae
561 1676 743 1746 peregrinatur
755 1675 781 1730 iu
797 1674 885 1731 terris.
940 1674 1120 1746 regnandique
1130 1673 1252 1731 felicitas.
1267 1676 1300 1730 Et
1312 1676 1362 1730 boc
1376 1676 1428 1730 ibic
1450 1677 1476 1730 in
1493 1675 1618 1730 omnibus
1630 1675 1638 1707 ¹
1650 1682 1732 1746 amris

99 1769 149 1824 Per
161 1769 249 1823 omnia
264 1769 361 1838 quippe
375 1767 494 1823 membra
510 1782 556 1821 sna
571 1768 667 1823 clarnat
681 1768 714 1823 ad
728 1768 822 1835 bcum,
837 1766 886 1823 bi·
939 1767 967 1822 in
990 1767 1101 1838 singolis
1124 1778 1253 1824 aternum
1267 1768 1319 1823 crit
1330 1809 1338 1832 ,
1349 1777 1532 1838 eternumque
1546 1781 1607 1822 esse
1628 1776 1730 1823 certum

98 1862 169 1916 ruitte
178 1862 248 1915 uobis
259 1861 343 1914 debita
354 1872 450 1925 nostru,
460 1860 526 1914 sicut
538 1870 561 1915 et
574 1877 619 1915 uos
633 1861 781 1916 dimittimus
791 1862 888 1918 debito·
939 1859 989 1914 erit
999 1876 1006 1913 ε
1015 1859 1110 1915 enideo
1121 1874 1170 1929 pau
1181 1859 1351 1915 beatitudinis
1362 1857 1450 1929 biuios,
1459 1858 1501 1914 rei
1512 1856 1649 1914 beatitudo
1659 1856 1733 1928 pacit

98 1954 168 2006 ribus
187 1950 393 2022 umtrisiiluttlr.
407 1966 446 2015 ιι,
464 1950 521 2019 lii.
534 1951 588 2006 Nec
609 1967 657 2022 pro
674 1953 713 2007 eis
732 1962 774 2008 est
792 1953 888 2010 ellicus
940 1949 1029 2020 buius,
1045 1965 1178 2006 summum
1192 1949 1290 2006 bonurn
1306 1951 1368 2007 crit.

100 2043 274 2110 decoratio,
290 2042 481 2111 qnorumbdes
499 2044 557 2099 sine
577 2044 702 2114 operibus
721 2054 824 2100 mortua
846 2053 888 2102 est
939 2041 1052 2098 curbi
1070 2041 1188 2112 xxiiii.
1199 2072 1235 2085 —
1246 2040 1280 2096 lu
1289 2058 1363 2112 quem
1376 2041 1453 2113 linem
1462 2050 1579 2097 uenturus
1597 2042 1630 2097 sit
1648 2049 1734 2098 carlus

100 2135 201 2204 (lucebi
223 2151 258 2201 n,
274 2134 325 2201 ti,
342 2133 389 2206 ab)
403 2152 410 2189 :
425 2134 471 2190 sed
492 2150 541 2204 pro
560 2135 600 2190 eis
620 2151 733 2206 quorum
754 2136 821 2192 lidos
840 2151 888 2207 per
1265 2134 1411 2206 impiorum.

100 2227 269 2281 dilectionem
295 2235 421 2296 operatur
435 2224 533 2298 (Gulnt.
546 2241 562 2282 r
573 2268 581 2294 ,
594 2225 635 2296 6).
650 2226 717 2294 eria
738 2229 809 2286 enim
833 2228 888 2285 beo
976 2224 1074 2280 Eorum
1087 2233 1175 2280 autem
1189 2225 1233 2295 qui
1247 2241 1299 2280 non
1316 2226 1447 2295 pertinent
1458 2225 1492 2281 ad
1504 2225 1582 2281 istam
1595 2225 1733 2282 ciuitatem

100 2315 206 2387 quidem
221 2315 344 2381 subdita,
357 2316 383 2370 in
396 2317 446 2371 bac
459 2326 546 2372 tamen
560 2317 712 2374 conditione
724 2319 828 2375 mortali
840 2359 848 2386 ,
861 2327 889 2376 et
942 2315 1004 2382 bei,
1019 2314 1071 2371 erit
1083 2325 1110 2371 et
1121 2317 1255 2371 contrario
1270 2316 1375 2371 miseria
1386 2317 1565 2388 sempiterna,
1580 2332 1639 2388 quac
1651 2316 1733 2372 etiem

100 2423 213 2476 corpere
226 2407 389 2476 corruptibili
403 2407 473 2478 quod
488 2418 614 2479 aggravat
628 2411 743 2466 animam
756 2409 835 2486 (Sep.
849 2427 887 2480 rx,
941 2409 1057 2464 secunda
1072 2424 1145 2464 mors
1157 2408 1252 2463 dicitur
1269 2408 1359 2478 (apoc.
1374 2424 1390 2462 ιι
1403 2449 1411 2475 ,
1426 2408 1474 2472 li,
1490 2424 1542 2475 xx,
1556 2408 1584 2473 63
1595 2423 1657 2473 sur,
1670 2404 1732 2480 dis

102 2500 146 2569 rb)
159 2540 167 2565 ‚
181 2514 233 2552 non
254 2498 372 2570 piterio
385 2499 455 2553 vitiis
468 2499 581 2569 imperat
594 2501 661 2555 ratio
673 2542 681 2567 ,
695 2499 756 2556 ideo
768 2515 890 2558 semesae
942 2500 1002 2569 quia
1026 2514 1076 2555 nec
1094 2500 1183 2555 anima
1206 2499 1241 2554 ibi
1262 2499 1352 2554 virere
1369 2498 1481 2553 dicenda
1496 2508 1537 2554 cst
1549 2538 1557 2564 ,
1568 2512 1629 2569 qnae
1644 2512 1660 2552 a
1680 2497 1734 2553 ritu

103 2591 142 2644 ria
162 2599 204 2645 cst
221 2588 301 2659 justis
322 2589 380 2644 talis
399 2590 494 2646 oratio.
514 2589 579 2645 Nam
603 2589 722 2660 prolecto
740 2607 888 2662 quanquam
943 2589 989 2644 bei
1000 2590 1112 2646 alienata
1123 2590 1189 2655 erit;
1202 2604 1252 2644 nec
1265 2603 1371 2658 eorpus,
1385 2588 1457 2658 qnod
1472 2589 1579 2643 eternis
1596 2586 1734 2644 doloribus

102 2680 258 2749 imperetur,
271 2693 437 2750 nequaqnam
449 2681 506 2735 sine
516 2680 639 2736 conbietn
649 2681 720 2738 uitiis
733 2681 887 2754 imperatur.
942 2682 1099 2753 subjacebit.
1112 2684 1151 2740 dc
1164 2697 1211 2752 per
1225 2682 1276 2737 boc
1296 2681 1355 2737 idco
1368 2682 1461 2735 durior
1471 2680 1520 2734 ista
1533 2678 1650 2734 emunda
1662 2692 1736 2734 mors

103 2769 138 2824 Et
160 2770 251 2840 ntique
269 2769 389 2838 subrepit
406 2770 504 2841 aliquid
523 2771 550 2825 in
574 2770 624 2826 boe
647 2771 706 2827 loeo
729 2772 890 2830 infirmitatis
943 2775 1003 2839 erit,
1016 2777 1077 2845 quia
1093 2774 1162 2829 liniri
1173 2785 1258 2829 morte
1273 2787 1325 2828 non
1339 2771 1445 2842 poterit.
1460 2770 1512 2826 Sed
1526 2769 1651 2841 quoniam
1665 2769 1737 2827 sicttt

102 2863 182 2916 etism
205 2862 272 2918 bene
290 2862 462 2934 confligenti,
477 2864 533 2918 sire
554 2863 676 2920 hostibus
696 2866 791 2922 entibus
813 2866 891 2923 victis
943 2868 1049 2922 miseria
1065 2865 1273 2929 beatitudiniet
1285 2880 1358 2920 mors
1370 2863 1495 2928 ritm,ita
1509 2861 1606 2918 bellurn
1622 2861 1680 2930 paci
1692 2859 1735 2916 ri·

102 2952 267 3023 subditisque
279 2951 436 3021 dominanti,
448 2952 528 3020 unde,
539 2955 560 3008 si
573 2970 626 3009 non
642 2953 709 3010 lucili
723 2957 888 3026 operatione,
944 2958 1022 3014 detur
1034 2973 1093 3014 esse
1107 2957 1285 3021 contrarium
1301 2956 1398 3010 rnerito
1407 2954 1550 3024 queritur,
1561 2953 1631 3008 sient
1644 2966 1696 3023 pax
1707 2951 1736 3008 bt

101 3051 176 3098 certe
189 3042 261 3099 labili
273 3043 408 3099 locutione
419 3051 465 3099 aot
476 3044 574 3099 volatili
584 3045 744 3115 cogitatione
755 3055 889 3116 peccetur.
944 3053 1074 3108 bonnrum
1094 3049 1191 3104 linibus
1211 3047 1352 3118 praedicata
1366 3055 1407 3102 εει
1428 3053 1508 3116 atque
1524 3044 1650 3111 laudata,
1664 3041 1736 3114 quod

106 3131 141 3186 lit
155 3131 215 3188 idco
227 3133 349 3203 quamdiu
362 3133 433 3189 uitiis
444 3135 599 3205 imperatur,
612 3136 688 3206 plena
702 3151 752 3206 pax
764 3151 816 3191 non
827 3126 889 3193 es't:
945 3144 985 3199 rel
996 3143 1073 3212 quale
1083 3142 1182 3198 bellum
1194 3141 1220 3195 in
1233 3139 1466 3195 inibnsmalornm
1479 3140 1637 3193 econtrario
1650 3135 1737 3207 possit

103 3224 165 3294 quia
188 3232 216 3279 ει
236 3225 281 3279 illa
307 3240 365 3296 qoae
390 3228 536 3294 resistunt,
553 3228 703 3298 periculoso
724 3228 892 3288 debellantur
945 3234 1064 3304 intelligi.
1092 3232 1188 3294 Verum
1214 3231 1259 3301 qni
1277 3228 1328 3285 boc
1348 3228 1443 3298 qrncrit
1456 3267 1464 3292 ,
1479 3225 1599 3281 atmndat
1622 3224 1686 3296 quid
1706 3225 1735 3282 itt

103 3315 208 3386 praelim
223 3323 251 3372 et
262 3317 306 3372 illa
320 3333 378 3387 quse
393 3319 461 3374 ricta
473 3330 545 3386 sunt,
560 3319 677 3376 nondum
688 3336 783 3376 securo
799 3322 892 3378 bium·
945 3325 1015 3380 bello
1029 3324 1136 3379 notium
1148 3323 1377 3392 perniciosumque
1388 3321 1434 3386 sit,
1443 3318 1579 3374 ctridebit
1588 3316 1653 3373 nihil
1662 3316 1736 3375 aiud

104 3408 220 3476 plranlnr
230 3409 296 3474 otio,
312 3409 360 3465 sed
374 3409 460 3465 adbuc
473 3410 588 3466 sollicito
600 3423 756 3482 premuntur
769 3414 890 3484 imperio.
944 3430 1022 3481 csse,
1037 3430 1115 3485 quarn
1130 3413 1198 3468 inter
1210 3427 1240 3468 se
1261 3426 1349 3466 rcrnm
1370 3409 1557 3464 adversitatem
1578 3416 1657 3479 atque
1668 3420 1736 3466 co·-

103 3497 132 3552 ln
144 3497 185 3553 bis
197 3513 262 3570 ergo
275 3500 475 3566 tentationibus,
490 3501 631 3572 dequibus
644 3503 767 3558 omnibus
780 3503 806 3558 in
820 3503 891 3560 dini·
945 3505 1057 3561 dictum.
1072 3503 1148 3572 Quod
1163 3504 1242 3574 igitur
1256 3500 1354 3558 bellum
1367 3501 1474 3571 gravius
1487 3508 1514 3554 ει
1528 3499 1646 3555 amarius
1659 3498 1734 3570 cogi·

103 3587 145 3643 nis
159 3589 271 3660 eloquiis
285 3591 400 3646 breviter
419 3591 518 3647 dietum
531 3606 587 3655 εει,
604 3593 734 3665 Numquid
749 3612 799 3650 nou
810 3606 894 3651 tento·
946 3596 995 3651 tari
1008 3604 1105 3666 potest,
1118 3609 1198 3665 quam
1211 3592 1257 3648 ubi
1271 3593 1393 3647 uolontas
1407 3592 1445 3646 sic
1457 3589 1567 3646 adversa
1580 3598 1623 3646 est
1635 3588 1737 3660 pastio·

103 3683 138 3735 tio
148 3692 184 3735 est
196 3684 246 3735 ιιιιι
258 3684 369 3737 bumana
380 3699 456 3752 super
466 3684 626 3755 terrcnrilob
641 3702 687 3750 tn,
701 3689 724 3753 l,
736 3704 784 3741 sec.
795 3686 891 3761 Lxxpt
945 3688 982 3755 ni,
997 3698 1024 3744 et
1037 3687 1124 3757 passio
1138 3685 1277 3753 uoluntati,
1291 3692 1320 3739 nt
1330 3684 1427 3739 nullius
1439 3696 1533 3738 eurum
1543 3680 1652 3737 uictoria
1667 3679 1736 3738 tabet

102 3772 162 3841 quis
175 3772 210 3826 ita
225 3773 314 3828 rivere
332 3788 363 3829 se
376 3784 534 3844 praesumat,
550 3787 579 3832 ut
602 3776 692 3833 dicere
707 3779 772 3842 lico,
786 3776 892 3834 Dimitte
943 3781 1088 3837 inimicitiae
1096 3780 1229 3845 linientem
1236 3786 1264 3834 et
1271 3777 1314 3831 trbi
1325 3777 1364 3831 sic
1375 3775 1561 3846 conbigitnm
1576 3773 1631 3844 ipsa
1641 3782 1736 3830 baton

102 3863 175 3919 neiis
188 3864 271 3918 debita
281 3874 438 3932 uomru,non
449 3880 559 3922 necesse
573 3865 677 3933 babeat,
689 3868 739 3922 nisi
750 3867 892 3926 lromoele·
943 3874 1063 3944 corporis
1089 3873 1129 3927 ris
1153 3871 1273 3935 doloris,
1287 3877 1316 3922 nt
1335 3877 1458 3923 nentrum
1483 3865 1559 3920 alteri
1576 3864 1673 3920 cedatl
1685 3860 1735 3921 iilo

103 3953 166 4010 tus?
176 3954 231 4009 Nec
248 3970 312 4010 uero
333 3971 444 4026 nragnus
454 3998 461 4021 ,
472 3956 520 4012 sed
535 3956 641 4012 inbutos
653 3974 685 4013 ac
699 3958 832 4027 tumidus,
847 3963 890 4018 cui
943 3966 1014 4021 enim
1023 3965 1129 4036 quando
1139 3962 1267 4033 contingit
1279 3961 1329 4016 istc
1341 3958 1490 4018 conflictus,
1501 3966 1547 4011 ant
1557 3956 1633 4012 dolor
1642 3956 1734 4019 uincit,

102 4057 152 4111 bel·
162 4043 291 4113 bilbilim
305 4046 405 4102 resistit
423 4047 467 4117 tiui
480 4047 591 4117 gratiam
607 4048 716 4119 bilibit
734 4048 889 4109 humilibus·
944 4070 971 4116 et
984 4072 1092 4114 sensum
1106 4070 1179 4111 rnors
1189 4054 1301 4118 adimit;
1317 4060 1364 4107 aut
1377 4059 1469 4106 nutura
1484 4049 1564 4105 rincit
1576 4050 1598 4114 ¹,
1614 4058 1641 4104 ct
1654 4046 1734 4104 dolo·

102 4133 215 4206 Propter
234 4136 305 4207 quod
325 4139 452 4208 scripturn
473 4149 514 4193 est
527 4155 534 4190 ε
548 4136 617 4192 Deus
638 4140 750 4210 sruperiis
774 4143 887 4211 resistit,
943 4165 999 4204 rem
1023 4148 1124 4204 sanitas
1144 4146 1221 4201 tollit.
1244 4144 1281 4200 ibi
1306 4151 1394 4198 autem
1421 4150 1449 4197 et
1475 4140 1552 4196 dolor
1574 4147 1734 4210 permanet,

135 4265 145 4300 ι
156 4273 261 4318 mem
270 4267 334 4328 qm,
346 4278 442 4333 We,
452 4283 535 4322 ,mm
546 4269 601 4322 m
608 4267 688 4335 m
944 4252 971 4295 ut
984 4239 1092 4310 albigae
1100 4246 1128 4293 ει
1141 4245 1234 4292 natura
1247 4234 1421 4307 perdurabat
1433 4232 1545 4289 sentiat:
1554 4232 1615 4302 quia
1627 4239 1733 4287 utrum·

135 4328 173 4391 (θ)
185 4337 233 4379 noo
244 4329 419 4393 intelligendus
429 4340 467 4382 εει
477 4331 519 4383 iile
531 4331 607 4393 iocur,
618 4335 688 4397 quasi
703 4335 797 4397 iustitia
808 4343 890 4387 ιιοιιιιι
942 4351 994 4405 que
1009 4333 1069 4389 ideo
1083 4348 1135 4387 uon
1150 4330 1249 4397 delicit,
1261 4345 1296 4386 ne
1307 4344 1384 4400 poena
1397 4328 1513 4385 deliciet.
1528 4326 1568 4382 Ad
1582 4326 1631 4382 boe
1644 4333 1734 4381 antem

102 4451 160 4500 ,mm
177 4452 346 4502 animem,
365 4460 390 4502 e,
407 4454 460 4515 ipse
477 4454 641 4515 mmmmm,
655 4455 726 4506 ,M
754 4471 768 4507 e
779 4457 888 4520 insuite,
943 4425 1008 4480 lines
1028 4424 1200 4480 bonorumet
1219 4421 1349 4477 malorum
1364 4459 1372 4485 ,
1387 4420 1448 4474 ilios
1467 4414 1652 4488 expetendos,
1667 4416 1734 4470 istos

101 4523 154 4575 cup.
167 4513 206 4573 td,
219 4527 266 4562 non
277 4512 384 4564 excludit
395 4513 568 4576 perlectionem
582 4521 704 4578 virtutum,
716 4519 760 4568 sed
772 4522 891 4583 preponit
941 4516 1086 4582 earondos,
1099 4515 1223 4585 qnoniam
1243 4528 1292 4583 per
1307 4510 1436 4582 judicium
1452 4509 1603 4565 transibunt
1616 4506 1650 4563 ad
1673 4505 1733 4561 illos

101 4575 271 4624 remissionem
298 4575 634 4635 ccmdmdeoutsensusslt,
648 4579 876 4631 'ustitiamunstram
996 4614 1002 4625 ·
1092 4609 1112 4635 ·.
1235 4605 1259 4634 ·.
1390 4602 1396 4615 ·
1436 4601 1469 4613 ··
1555 4618 1560 4631 ·

101 4645 157 4697 qnae
169 4637 254 4698 partim
267 4589 297 4686 iub)
309 4636 452 4687 remissione
473 4639 572 4699 peccati,
596 4593 682 4701 partbm
698 4641 722 4689 iu
738 4616 888 4703 perfectioni
942 4616 1021 4679 ΜΝ*
1035 4610 1069 4665 m
1091 4619 1157 4663 ¹⁵¹⁰⁸
1180 4605 1260 4670 Μ’
1275 4602 1310 4660 de
1325 4605 1375 4657 hoc
1386 4602 1488 4673 lumem
1499 4640 1507 4666 ’
1519 4608 1647 4670 qu‘mmm
1663 4598 1734 4654 betta

101 4697 216 4771 uirtutum
225 4698 270 4747 sita
279 4704 327 4772 est,
339 4700 416 4770 nrams
429 4705 540 4772 mussare
552 4702 694 4751 remissione
706 4705 805 4764 peceati
815 4717 888 4768 quum
941 4701 1089 4766 donaverit,
1103 4702 1128 4754 in
1141 4695 1315 4767 consequenti
1331 4693 1464 4751 uolumine
1475 4691 1625 4762 disputabo.

101 4755 252 4819 pertecnoue
265 4766 378 4810 rututrs:
392 4757 456 4808 illum
469 4773 532 4809 emm
555 4759 652 4834 plenius
672 4766 888 4829 quambancprae·
1141 4818 1148 4831 ‚
1270 4814 1301 4828 ,,
1532 4805 1562 4819 ..

100 4827 167 4868 stare
178 4819 294 4870 valemus.
308 4827 334 4871 et
345 4821 390 4872 boc
401 4822 474 4871 etium
485 4834 560 4871 sensu
571 4829 734 4886 itrerouymns,
755 4825 797 4875 lii).
806 4826 822 4875 Ξ
832 4840 888 4877 eou-
973 4828 981 4858 ¹
993 4824 1063 4883 edin,
1084 4819 1191 4873 ensuite
1211 4814 1353 4869 bomuubus.
1370 4812 1452 4870 rbem,
1473 4806 1615 4866 bominibus,
1625 4819 1639 4856 a
1651 4817 1734 4856 mutu·

101 4878 242 4943 trarebp,
258 4882 383 4934 contendit
400 4883 425 4933 iu
444 4883 513 4933 nobis
535 4896 591 4933 esse
611 4886 888 4948 reramiustitiarnlicet
940 4889 1044 4951 scriptis.
1397 4932 1403 4945 .
1437 4929 1443 4941 .
1528 4932 1533 4942 .
1576 4930 1581 4940 .

99 4952 149 4990 uon
159 4942 256 4991 omnino
277 4943 542 5008 perlectam31reriecta
558 4951 640 4995 autem
658 4953 696 4996 est
711 4950 887 5013 remissiopeo·
971 4953 1058 5004 ltorn,
1070 4950 1111 4995 uut
1129 4949 1216 4994 ιιειιιιιιι
1233 4935 1369 5003 blidum
1379 4939 1461 4984 vm·
1477 4931 1534 4981 ΜΨ
1552 4928 1591 4978 ²¹¹¹
1614 4935 1640 4978 ⁸²
1651 4939 1734 4977 ⁰¹⁸⁰*
1810 4953 1811 4957 ’

99 5009 378 5068 “Wufflfflffffliuffl
939 5011 1019 5073 scripti
1032 4998 1368 5065 mrcutrerbo,perduruus.

1183 5087 1734 5118 Μ

545 5161 787 5270 LIBER
824 5156 1270 5274 Vicesimus

211 5347 246 5390 tie
254 5338 343 5403 judicto
353 5341 493 5403 novissimo,
504 5341 587 5406 deque
596 5345 741 5396 testimoniis
751 5357 806 5397 erm
817 5348 885 5408 bort,
897 5355 949 5397 tum
960 5347 1054 5396 veteris
1065 5341 1229 5401 instrumenti,
1240 5339 1331 5404 erubrus
1340 5335 1497 5387 denuntiator
1508 5333 1623 5385 lacuum.

99 5445 213 5504 curbi
231 5445 373 5503 Putbbtt.
394 5476 431 5490 -
452 5448 526 5516 Quod
552 5451 664 5514 momnis
685 5452 754 5506 obrui
779 5462 890 5523 tempore
941 5451 1065 5512 loenturi,
1079 5461 1195 5516 eranque
1208 5443 1334 5500 asserturi
1350 5442 1476 5501 adversus
1494 5441 1588 5511 impios
1602 5435 1731 5493 etirrcrs·

138 5538 319 5608 beusjrrdicel,
332 5540 358 5593 iu
370 5540 509 5594 hortamen
522 5539 628 5594 librcde
639 5544 889 5616 nenoirroeiesie·
940 5542 1032 5605 dirior,
1049 5550 1172 5608 tanquam
1194 5537 1220 5591 in
1242 5534 1345 5590 aedilicii
1360 5531 1532 5588 fundamento
1547 5531 1618 5601 prius
1633 5542 1733 5599 praere

136 5628 202 5683 dicio
217 5630 249 5682 sit
263 5629 560 5698 propriedisprrtuurlum.
941 5631 1090 5688 testimonia
1110 5628 1198 5684 diuina
1219 5626 1357 5684 debemus.
1377 5625 1478 5694 Quibus
1497 5625 1540 5694 qni
1563 5621 1653 5676 nolunt
1672 5633 1732 5675 cre·

138 5723 163 5775 i.
177 5720 269 5778 bodie
287 5720 372 5777 ultimi
386 5721 478 5792 judicii
492 5722 549 5788 Dei,
567 5723 635 5794 qttod
659 5724 716 5795 ipsc
735 5725 882 5792 dmrarcrit,
940 5725 1014 5787 dcrc,
1026 5720 1147 5778 humanis
1160 5719 1316 5776 ratiunculis
1330 5715 1404 5775 loisis
1420 5727 1499 5786 atque
1514 5713 1649 5771 fallacibus
1662 5725 1729 5769 can·

101 4396 198 4441 mustei
208 4389 259 4440 sola
266 4392 409 4441 remissione
417 4401 577 4453 poeeatornm.
590 4397 632 4444 iiic
641 4393 890 4506 pollensquemadmo-
