3900 6390
156 307 210 367 m
707 293 1008 362 mmmmm
1023 294 1207 356 m.
1716 306 1771 366 m

155 417 208 474 loci
226 415 370 488 episcopo,
383 426 414 473 ut
435 415 551 472 libellum
563 414 650 480 daret,
670 416 716 484 qul
737 412 894 469 recitaretur
905 411 934 465 in
991 405 1057 460 rien
1069 405 1120 462 sibi
1136 406 1174 462 ab
1190 407 1232 463 eia
1250 406 1347 464 lactan
1357 409 1530 468 motione
1539 413 1610 481 tulit,
1624 415 1671 471 tati
1693 430 1773 487 pona

155 507 272 577 popuio;
291 515 319 564 et
338 506 553 562 obedientissime
571 505 661 574 paruit
675 503 725 577 (a).
739 503 769 558 lu
781 516 836 573 quc
850 501 938 572 possit
989 505 1051 552 Ul
1072 494 1198 553 divinitu·
1220 499 1346 564 merati,
1367 510 1397 555 bl
1418 501 1583 560 horribiliter
1601 516 1775 577 ‹pratereobr

154 595 248 660 etiam,
261 594 331 666 quod
346 595 389 648 iric
401 594 513 650 reficere
524 609 580 649 non
591 608 710 663 possum
724 591 846 663 quamsit
857 590 938 646 adea
990 601 1084 644 emm
1095 597 1213 646 tremore
1224 591 1405 648 ιιιιιιιιιιι
1419 611 1426 647 :
1440 594 1466 648 io
1481 610 1533 664 qua
1551 596 1696 654 lmdissitna
1708 615 1773 670 epe·

154 699 215 753 que
225 682 277 739 boc
287 699 354 753 opos
365 691 471 754 urgent,
485 684 609 739 iestioare
619 683 773 752 compellar.
787 682 807 737 b
821 680 937 753 quodam
988 678 1133 734 moestos
1140 691 1250 735 tuorum
1258 681 1355 737 cirion
1366 697 1419 740 ooo
1429 682 1776 758 leneotes,qnaqttarerautta

153 773 248 830 ludeo
260 773 327 829 dixit
340 773 390 828 sibi
400 773 482 830 luisse
493 789 657 844 persuasum,
671 782 701 829 ut
719 774 844 828 antonium
854 773 937 844 capit·
988 768 1085 838 etriqoe
1099 770 1138 825 ire
1151 770 1237 826 risum
1250 782 1303 840 est,
1318 782 1375 830 toto
1390 789 1458 845 pene
1469 779 1629 847 vagabantur
1639 781 1704 838 orno
1716 781 1773 838 no.

154 866 219 922 latio
239 865 344 936 cingulo
359 866 369 899 ¹
383 866 530 934 insereret,
553 865 624 937 quod
645 864 695 921 sub
715 864 788 921 omni
808 874 884 921 reste
903 863 937 920 ad
988 874 1078 915 mano.
1099 860 1141 916 lle
1154 860 1197 917 bb
1212 863 1293 919 etiem
1312 865 1345 920 ad
1359 881 1409 922 noe
1420 878 1550 924 renerent
1563 869 1633 938 duo,
1648 872 1730 929 irater
1743 882 1773 931 et

156 956 228 1012 noda
246 958 366 1028 corporis
385 958 551 1029 cingeretur:
564 958 608 1027 qui
627 957 741 1013 annulus
760 956 871 1013 baberet
887 955 938 1012 sub
988 963 1075 1015 soror.
1095 952 1197 1009 Ptuittt
1214 963 1244 1010 et
1263 955 1391 1022 Palladia,
1411 960 1571 1016 muttisaliie
1587 963 1652 1019 loeis
1664 965 1773 1022 miseria

157 1063 262 1120 gemma
276 1049 390 1120 lapidem
403 1050 429 1103 in
447 1050 556 1105 renibus
568 1050 701 1104 inventum
715 1047 800 1104 boris·
813 1047 869 1103 lloc
880 1047 939 1103 aiii·
989 1039 1143 1099 dimitis
1153 1043 1208 1114 itm
1219 1047 1328 1116 cogniti.
1344 1047 1480 1106 Venerunt
1495 1063 1583 1108 autem
1596 1065 1658 1111 anta
1670 1057 1774 1114 Pascha

157 1150 218 1213 gata
229 1141 305 1212 qnasi
319 1141 438 1197 remedio
453 1141 485 1197 ad
505 1141 589 1197 sancti
601 1141 723 1212 llartyris
741 1140 831 1195 ttmtoa
844 1139 936 1197 renie-
988 1130 1072 1187 im
1083 1132 1142 1189 diu
1160 1134 1329 1205 qaindecim
1346 1139 1485 1194 occimiano
1504 1143 1638 1211 qnotidie,
1652 1154 1681 1200 et
1692 1147 1720 1201 in
1738 1161 1772 1204 ea

157 1229 213 1286 bat.
232 1229 285 1288 Sed
300 1231 416 1302 proiecta
429 1246 444 1285 a
456 1230 633 1302 Carthagine,
645 1246 706 1287 cum
720 1231 746 1286 io
760 1230 875 1286 conlinio
887 1228 938 1287 dn·
989 1222 1145 1279 moritu
1177 1225 1359 1294 gloriosissimi
1392 1227 1518 1298 Stepbnni
1550 1230 1773 1302 trequeotabao,

157 1320 236 1375 minis
248 1320 374 1392 bagnola
384 1323 409 1376 io
420 1337 468 1379 sua
481 1323 648 1393 possessione
660 1323 811 1387 mansisset,
825 1336 939 1393 surgens
990 1320 1099 1367 milii·
1112 1313 1207 1382 ’ΒΜ
1225 1315 1275 1370 ‘iili
1288 1315 1439 1386 bilwffiir
1450 1319 1530 1387 ⁰0⁸³,
1544 1330 1573 1376 οἱ
1585 1323 1696 1378 ”iiim
1716 1326 1773 1394 tiri·

155 1419 185 1465 ιι
206 1410 257 1466 iter
277 1424 423 1484 perageret,
447 1423 510 1469 ante
530 1413 611 1484 pedes
633 1427 696 1470 suos
714 1412 789 1470 illum
805 1412 938 1485 jacentem
988 1399 1086 1457 ΝΜ
1096 1402 1229 1460 Μᾶθῐθῑ·
1243 1405 1277 1460 Et
1289 1406 1357 1471 iiliss»
1370 1417 1399 1464 0²
1412 1412 1597 1481 qttacumque¹
1611 1413 1692 1476 iim·
1706 1431 1772 1473 ωι-

155 1505 282 1561 annulum
297 1506 376 1572 vidit,
392 1516 419 1562 et
430 1507 590 1579 capillatiam
604 1521 698 1563 acuam
714 1520 766 1578 qua
780 1505 866 1563 lucrat
878 1505 939 1562 alil·
988 1492 1129 1549 'miili‘
1146 1494 1174 1550 5¹¹
1192 1508 1223 1551 Μ
1243 1496 1357 1554 ‘iiim
1372 1509 1519 1570 aibelim·
1531 1502 1654 1561 N⁰⁰¹¹¹¹¹ii
1666 1508 1711 1578 qui
1723 1520 1772 1564 0⁰⁰

155 1603 240 1666 gatus,
255 1597 348 1652 mirata
364 1598 484 1653 tentarit.
498 1597 582 1667 Quam
597 1613 657 1654 cunt
669 1599 779 1654 omnino
793 1597 848 1653 suis
860 1595 938 1654 nodis
987 1581 1052 1638 'iiiii
1065 1583 1196 1650 immisti
1208 1601 1369 1658 “mille
1381 1593 1503 1647 ¹ffl⁰ii⁸
1520 1607 1612 1650 0⁰m¹¹¹
1630 1606 1771 1668 ”Willis

156 1685 333 1755 llrmissitnis,
356 1688 424 1744 sicut
448 1688 554 1755 luerat,
576 1689 750 1759 comperisset
772 1686 937 1754 adstrictam,
988 1671 1057 1738 ''ii'’
1069 1682 1099 1729 ⁸¹²
1110 1675 1208 1745 ‘’iiiii‘’
1219 1685 1350 1745 mima
1361 1678 1520 1738 mmm·
1533 1682 1610 1740 Μ
1621 1687 1770 1755 ‘imma

988 1768 1068 1830 atque
1087 1762 1146 1832 ipso
1166 1763 1212 1820 die
1229 1763 1364 1824 dontioico
1382 1784 1472 1838 mene,
1493 1787 1553 1828 cant
1571 1773 1625 1844 jaro
1644 1775 1770 1847 irequeos

989 1852 1102 1921 populus
1114 1869 1232 1922 pratens
1242 1867 1329 1921 esset,
1346 1866 1375 1914 et
1387 1860 1439 1916 loci
1458 1863 1543 1919 sancti
1560 1867 1709 1935 marcellos,
1724 1867 1771 1923 ubi

988 1942 1144 2013 mangnom
1153 1953 1211 2000 eret
1220 1946 1243 2010 ¹,
1253 1945 1323 2002 idem
1332 1948 1438 2016 iuvenis
1447 1966 1526 2007 oram
1538 1960 1650 2022 teneret
1660 1968 1770 2027 repente

987 2041 1137 2100 prosuatue
1148 2043 1207 2101 ast,
1228 2044 1257 2092 et
1268 2037 1409 2094 dormienti
1427 2041 1580 2099 simillimas
1597 2045 1679 2115 pouit
1692 2065 1700 2102 ε
1714 2062 1770 2105 nota

990 2130 1077 2178 tamea
1098 2132 1225 2194 uomens,
1248 2127 1408 2187 sicutetium
1432 2147 1479 2203 pet
1497 2149 1618 2193 somnum
1632 2138 1768 2198 'edebat

988 2211 1161 2284 Stupentibus
1174 2217 1218 2288 ιιι·
1231 2217 1350 2287 aderaut,
1362 2230 1441 2292 atque
1453 2225 1512 2281 aliis
1524 2229 1696 2297 parentibus,
1709 2233 1770 2288 attis

987 2303 1147 2372 dolentibus,
1158 2321 1219 2363 cant
1230 2323 1290 2364 eam
1302 2311 1408 2380 quidam
1419 2315 1515 2370 veilent
1527 2317 1639 2388 erigere,
1650 2321 1768 2378 oottonili

989 2395 1188 2466 prohibuerunt,
1208 2409 1236 2455 ot
1253 2401 1342 2471 potius
1358 2404 1460 2459 exitum
1481 2410 1687 2478 exspectandum
1707 2426 1770 2470 ease

988 2486 1121 2543 dixeram.
1133 2487 1168 2544 Et
1177 2504 1241 2547 ecce
1253 2495 1376 2560 surrexit,
1388 2504 1416 2550 et
1426 2512 1478 2552 non
1491 2501 1629 2568 tremebat,
1640 2505 1768 2574 quonian

987 2586 1095 2633 senatus
1107 2588 1174 2644 erat,
1189 2590 1217 2636 et
1227 2582 1314 2638 stabat
1327 2584 1481 2654 incolumis,
1497 2590 1601 2647 intuens
1625 2595 1768 2653 intuentes.

987 2668 1052 2739 Quis
1060 2685 1124 2741 ergo
1136 2685 1165 2727 sc
1178 2673 1286 2729 emitte
1299 2674 1419 2734 laudibus
1434 2679 1500 2734 lieil
1518 2680 1692 2740 Claotautium
1706 2701 1769 2756 gre-

987 2758 1177 2832 tulantiumque
1191 2763 1299 2819 vocibus
1317 2764 1427 2823 ccclesia
1441 2783 1628 2842 usquequaque
1638 2775 1768 2845 completa

986 2857 1037 2904 est.
1052 2849 1115 2907 lodo
1128 2851 1162 2907 ad
1174 2868 1217 2909 me
1227 2855 1351 2923 comitur,
1366 2858 1410 2913 ubi
1422 2859 1547 2916 sedebam
1558 2862 1612 2932 jaro
1627 2881 1771 2933 processu·

986 2953 1048 2994 rus:
1060 2941 1135 2996 irruit
1147 2942 1331 3014 aiterqnisque
1342 2959 1400 3018 post
1408 2951 1528 3019 alterum,
1539 2956 1625 3010 otonis
1638 2958 1770 3027 promotor

986 3029 1062 3098 quast
1075 3044 1183 3101 norum,
1203 3034 1273 3103 quod
1288 3035 1356 3092 alius
1371 3039 1443 3107 prior
1455 3040 1568 3109 dixerat,
1592 3048 1743 3104 nuntiantes
1757 3067 1766 3104 a

986 3122 1331 3197 meqosgaudeoteetapud
1340 3143 1382 3184 me
1396 3130 1493 3199 gratias
1506 3134 1560 3188 beo
1570 3138 1769 3210 agerrte,iogre-

986 3211 1059 3268 ditur
1071 3213 1150 3270 ctiam
1172 3216 1229 3286 lpse
1248 3231 1309 3274 cum
1333 3221 1460 3289 pluribus,
1483 3225 1624 3283 inclinatur
1635 3229 1668 3285 ad
1682 3246 1767 3301 genua

987 3316 1057 3369 mea,
1073 3304 1184 3374 erigitur
1197 3305 1230 3360 ad
1243 3307 1364 3363 osculnm
1378 3324 1477 3368 mento.
1493 3312 1662 3375 Procedimos
1674 3321 1707 3376 ad
1720 3335 1769 3393 po·

987 3392 1089 3462 pulum,
1103 3395 1179 3465 piena
1191 3405 1250 3452 erat
1263 3399 1390 3466 ecelesia,
1410 3405 1568 3471 personabat
1579 3408 1687 3464 vocibus
1700 3426 1769 3482 gatt-

988 3481 1108 3549 diorum,
1123 3483 1177 3540 beo
1192 3487 1310 3556 mbas!
1333 3490 1388 3546 beo
1407 3491 1518 3550 laudesl
1534 3498 1640 3554 nemine
1654 3511 1768 3573 tacente,

987 3572 1049 3630 binc
1061 3583 1141 3646 atque
1163 3576 1225 3633 inde
1238 3578 1417 3638 clamantium.
1443 3585 1559 3643 salutari
1580 3593 1726 3662 populum,
1742 3605 1770 3653 et

986 3678 1078 3720 rursus
1090 3665 1184 3722 eadem
1197 3667 1358 3726 ferventiore
1370 3688 1435 3730 voce
1447 3676 1605 3735 clamabant.
1619 3681 1699 3738 lacto
1711 3693 1771 3742 tan·

987 3754 1048 3811 dem
1073 3755 1198 3827 silentio,
1222 3758 1417 3830 scripturarum
1440 3765 1588 3825 diuinarum
1617 3781 1679 3827 sunt
1702 3774 1771 3832 tecta

987 3846 1126 3902 solemnia.
1142 3848 1192 3905 ilbi
1215 3861 1300 3907 autem
1323 3863 1429 3911 reotnot
1449 3867 1491 3913 est
1511 3860 1543 3915 ad
1565 3863 1617 3918 mci
1639 3867 1771 3924 sermonis

988 3936 1084 4004 locunt,
1099 3940 1152 3996 dixi
1168 3956 1248 4009 pauca
1262 3958 1312 4014 pro
1327 3953 1445 4017 ternpore
1457 3959 1486 4005 ct
1498 3966 1546 4022 pro
1565 3953 1634 4010 illius
1646 3957 1770 4025 jucundi·

986 4037 1042 4084 tate
1061 4031 1169 4087 lmtitiae.
1186 4033 1267 4105 lingis
1284 4037 1355 4091 enirn
1369 4053 1415 4092 eos
1437 4040 1463 4094 io
1481 4056 1562 4112 opere
1573 4044 1661 4100 dirioo
1675 4064 1769 4118 quatra·

985 4119 1048 4175 dam
1063 4121 1111 4178 liei
1131 4124 1318 4194 eloquentiam,
1342 4143 1394 4183 trun
1413 4131 1513 4200 audire,
1536 4134 1583 4190 sed
1603 4138 1772 4196 considerare

988 4213 1107 4282 permisi.
1121 4214 1263 4272 Nobiscum
1278 4216 1357 4273 bomo
1372 4221 1486 4290 prandit,
1503 4233 1530 4278 ct
1541 4225 1681 4298 diligenter
1692 4230 1770 4288 nobis

986 4317 1096 4359 omnem
1117 4319 1172 4360 soto
1193 4321 1225 4361 ac
1250 4316 1376 4364 materne
1408 4311 1583 4386 tratemaeqre
1615 4321 1772 4379 calamitatis

989 4393 1113 4449 indicarit
1125 4396 1270 4453 bistoriam.
1285 4400 1410 4471 Sequenti
1425 4404 1514 4476 itaque
1527 4405 1580 4476 dle,
1596 4421 1655 4480 post
1668 4427 1771 4467 sermo-

990 4499 1050 4540 nem
1063 4485 1204 4554 redditum,
1218 4490 1377 4546 narrationis
1388 4492 1446 4564 ejus
1456 4494 1574 4551 libellum
1588 4499 1772 4558 incrastinum

988 4577 1087 4646 popolo
1100 4578 1263 4635 recitandum
1277 4583 1386 4651 promisi
1402 4582 1504 4656 (Serm.
1517 4587 1566 4643 itt
1577 4588 1597 4659 ).
1613 4589 1689 4658 Quod
1710 4608 1771 4648 curo

989 4684 1023 4724 cx
1045 4668 1179 4726 dominico
1198 4670 1309 4729 Pascbte
1329 4673 1373 4730 dic
1396 4677 1476 4732 tertlo
1499 4679 1574 4733 tieret
1598 4680 1625 4735 iu
1645 4682 1775 4752 gradibus

988 4759 1106 4827 exedrae,
1118 4761 1145 4816 iu
1159 4776 1210 4831 qua
1220 4763 1255 4819 de
1267 4764 1404 4834 superiore
1418 4766 1546 4838 loquebar
1558 4768 1626 4836 ioco,
1638 4770 1688 4828 ieci
1701 4782 1776 4830 stare

155 1776 291 1847 crepuisse
313 1788 391 1849 atque
416 1778 553 1834 exsiluisse
573 1778 699 1834 annulum
720 1779 853 1848 suspicata
874 1788 936 1835 est:

155 1868 200 1938 qui
222 1869 303 1925 etiam
325 1869 382 1940 ipse
403 1884 462 1925 curo
484 1870 668 1941 integerrimus
689 1868 783 1926 luisset
803 1869 936 1937 iurentur,

155 1959 251 2015 iuturae
261 1958 356 2016 salutis
366 1961 563 2033 quodammodo
574 1961 671 2032 pignus
682 1961 716 2018 de
726 1971 799 2019 tantu
809 1961 938 2019 miraculo

155 2063 186 2104 se
194 2048 328 2120 accepisse
337 2051 513 2120 praesumpsit,
523 2060 602 2121 atque
615 2049 680 2107 illud
691 2051 823 2109 vinculum
835 2053 873 2123 (i)
882 2053 937 2109 sol·

155 2152 232 2207 reos,
246 2139 325 2195 simul
344 2155 405 2196 cum
418 2140 512 2197 eodem
525 2142 635 2208 acutulo,
649 2142 760 2214 projecit
778 2143 804 2199 in
826 2142 935 2201 dumea.

154 2229 213 2287 iioo
231 2231 363 2288 credunt·
378 2236 439 2299 boc,
459 2232 503 2303 qui
522 2232 601 2289 etiam
622 2232 760 2290 bominum
781 2233 869 2291 iesum
889 2251 938 2307 per

154 2321 258 2392 integra
279 2320 416 2392 virginalia
438 2323 530 2378 mattis
550 2324 668 2389 enixum,
689 2310 716 2380 e't
736 2324 770 2380 ad
793 2325 937 2397 discipulus

154 2411 232 2468 ostiis
244 2411 342 2468 clausis
355 2412 501 2482 ingressum
519 2411 601 2469 inisse
614 2429 665 2470 nun
678 2412 790 2470 credunt
803 2433 809 2469 :
823 2414 872 2471 sed
885 2414 936 2472 boc

156 2509 230 2556 certe
242 2511 370 2570 querant,
385 2508 422 2567 et,
437 2501 460 2556 si
479 2517 569 2556 rernm
584 2501 740 2568 inuenerint,
760 2503 803 2558 illa
817 2503 936 2560 credaut.

154 2589 309 2647 Clarissima
320 2590 417 2646 iemioa
428 2599 480 2656 est,
492 2591 617 2645 nobiliter
627 2600 699 2659 nata,
711 2591 835 2649 nobiliter
843 2604 936 2664 nupta,

153 2679 309 2752 Carthagini
332 2679 434 2735 babitat
454 2698 462 2735 a
481 2681 569 2751 ampla
591 2681 694 2746 civitas,
716 2683 804 2754 ampla
824 2698 937 2755 perrona

155 2785 213 2828 rom
226 2778 375 2842 querentes
396 2771 479 2828 latere
501 2787 554 2828 non
575 2773 648 2828 sinit.
671 2772 855 2844 llartyrcerte
868 2775 936 2844 ipse,

154 2878 209 2932 quo
221 2865 378 2934 impetrante
390 2863 433 2919 illa
445 2874 536 2919 sanata
546 2870 597 2931 cst,
610 2865 638 2920 in
648 2864 744 2920 Filium
756 2865 936 2937 permanentis

154 2953 264 3024 virginis
282 2952 406 3018 credidit,
426 2954 452 3008 io
466 2968 527 3009 eum
542 2954 587 3024 qui
601 2954 676 3010 ostiis
696 2955 792 3012 clausis
805 2955 839 3011 ad
857 2955 938 3011 disci·

154 3047 232 3118 polos
254 3047 393 3118 ingressus
414 3054 473 3114 est,
495 3047 606 3102 credidit
627 3063 635 3101 t
658 3055 808 3118 postremo,
830 3056 938 3120 pmpter

155 3139 226 3211 quod
238 3140 327 3196 omnia
342 3140 390 3196 ista
404 3140 555 3195 dicuntura
570 3139 656 3203 nobis,
671 3140 696 3194 in
713 3154 773 3196 eum
787 3139 832 3211 qui
845 3154 938 3196 ascen-

155 3233 193 3287 dit
206 3234 232 3289 in
246 3234 342 3290 coelum
357 3249 416 3290 cum
430 3249 528 3300 carne,
549 3233 578 3290 in
595 3249 646 3305 qna
661 3245 861 3301 resurrexerat,
876 3249 935 3292 cre·

155 3323 242 3390 dttttt;
263 3333 290 3380 ct
303 3325 363 3379 ideo
373 3339 422 3396 per
433 3340 493 3380 eum
507 3333 578 3380 taota
593 3325 667 3389 liunt,
680 3326 740 3397 quia
757 3342 807 3398 pro
823 3326 872 3382 ista
885 3326 937 3385 flde

155 3413 270 3468 animant
287 3414 382 3483 posunt.
396 3413 475 3469 liunt
488 3430 552 3486 ergo
573 3416 654 3471 etiarn
669 3431 739 3472 nunc
759 3417 841 3472 tnnlta
855 3417 936 3472 ttrira·

155 3504 225 3569 cuia,
238 3504 332 3560 codem
346 3504 400 3559 beo
412 3504 524 3560 iaciente
545 3520 592 3573 per
604 3519 671 3575 quos
684 3505 755 3572 ruit,
774 3514 801 3561 et
811 3506 938 3576 quemad·

156 3593 264 3650 modum
279 3594 349 3661 vult,
365 3595 410 3666 qtti
430 3605 456 3650 et
469 3595 512 3650 illa
527 3612 586 3666 qoae
600 3595 712 3667 legimus
723 3594 807 3652 iecit:
826 3597 873 3653 sed
887 3597 936 3654 ista

155 3701 206 3742 nec
226 3686 348 3742 similiter
370 3688 546 3754 innotescunt,
568 3703 665 3759 neque,
680 3699 709 3743 ut
727 3704 780 3744 non
794 3689 937 3746 excidant⁸

156 3779 256 3844 animo,
269 3780 344 3849 quasi
362 3779 452 3850 glarca
466 3780 610 3846 memorie,
632 3780 723 3835 crebra
746 3774 859 3837 lectione
878 3791 939 3837 tun·

156 3870 264 3926 duntur.
281 3869 346 3925 liant
368 3879 395 3925 et
415 3869 460 3924 ubi
481 3869 616 3942 diligentia
637 3878 694 3938 est,
707 3886 766 3941 qne
785 3887 855 3930 nunc
868 3872 937 3943 apud

156 3976 205 4015 nos
219 3975 278 4017 esse
300 3962 396 4031 coepit,
410 3971 439 4016 nt
450 3962 532 4017 libelli
545 3978 636 4018 eorum
649 3965 692 4035 qui
708 3964 834 4020 benclicia
849 3963 936 4034 porci·

157 4052 242 4122 piunt,
263 4057 408 4108 recitentur
426 4053 452 4106 in
475 4054 587 4123 populo,
602 4055 685 4110 seotcl
699 4055 750 4112 boc
763 4055 872 4111 audiunt
892 4056 937 4126 qui

157 4143 263 4210 adsunt,
278 4144 418 4214 plttresqne
432 4160 484 4198 ooo
504 4145 617 4212 adstrot,
630 4153 659 4199 ut
672 4161 720 4202 nec
736 4146 772 4201 illi
787 4147 831 4217 qul
845 4146 938 4203 adiue-

158 4243 229 4298 rnnt,
247 4243 305 4303 post
317 4235 417 4305 aliquot
429 4236 497 4300 dies,
516 4236 586 4305 qood
602 4234 751 4302 audierunt,
766 4246 854 4292 mente
870 4237 938 4292 reti·

157 4333 245 4389 treaot,
268 4323 349 4380 etrix
370 4325 507 4394 quisquam
520 4323 689 4395 ‘reperiatur
710 4326 826 4395 illorum,
846 4328 890 4398 qui
912 4327 938 4384 ei

157 4428 236 4484 quent
251 4427 304 4467 oon
318 4411 434 4468 adfuisse
448 4415 612 4486 cognoverit,
630 4416 727 4472 indicet
743 4416 812 4487 quod
827 4416 937 4472 audivit.

192 4503 237 4557 22.
257 4500 344 4559 Unum
357 4511 397 4558 est
414 4505 482 4575 apud
499 4520 546 4559 nos
560 4503 673 4569 iactum,
693 4521 746 4560 non
761 4507 845 4578 majus
858 4521 937 4577 quarn

158 4595 202 4650 itta
215 4609 275 4665 quae
289 4592 358 4661 diti,
373 4593 419 4649 sed
437 4603 490 4648 tarn
503 4594 604 4649 clarum
617 4604 696 4665 atquc
711 4596 811 4651 illustre
824 4595 938 4652 miracu·

158 4687 224 4751 inor,
239 4696 267 4741 ot
281 4686 382 4742 nullom
396 4687 511 4742 arbitret·
522 4701 582 4743 esse
595 4687 817 4758 llipponensiuro,
830 4689 874 4758 qui
888 4688 939 4744 boc

159 4794 211 4835 nott
231 4780 275 4836 tel
293 4778 399 4844 viderit,
424 4780 466 4836 rel
479 4779 610 4846 didicerit,
635 4780 733 4835 nullum
755 4781 800 4852 qui
819 4779 939 4837 oblivisci

158 4870 209 4923 nlla
224 4870 328 4925 ratium
339 4870 464 4940 potuerit.
479 4870 574 4928 liccem
587 4868 693 4941 quidam
707 4868 801 4926 iratres
812 4872 937 4942 (quorum

157 4971 260 5029 septem
273 4968 336 5016 sunt
348 4975 446 5028 orares,
460 4971 514 5017 tres
529 4959 644 5031 lemine)
658 4958 692 5016 de
702 4960 822 5017 Caesarea
834 4959 939 5031 Cappa·

158 5051 242 5107 ducite
255 5060 365 5107 suorum
384 5052 481 5107 civium
495 5068 548 5107 noo
563 5051 703 5124 ignobiles,
723 5051 863 5107 maledicto
881 5066 939 5107 toa·

160 5142 210 5198 tris
221 5143 333 5209 recenti,
348 5143 429 5212 patrie
440 5157 532 5199 eorum
545 5142 618 5199 obitu
637 5142 778 5207 destitute,
800 5157 860 5213 que
872 5141 941 5214 inju-

190 5317 199 5348 ι
216 5312 284 5362 vind·
297 5319 347 5362 Am·
359 5317 397 5373 “n
410 5319 436 5363 a
450 5319 514 5372 mo,
523 5312 624 5364 mulos

191 5379 201 5408 ¹
219 5373 311 5436 Aliquot
321 5380 384 5428 ties..
396 5382 445 5425 ιὀιι
456 5376 564 5427 credtmt.
576 5374 716 5439 monton,
728 5382 779 5426 ιιι
786 5374 894 5428 creden.

190 5438 202 5529 ἰ
219 5434 513 5557 ιὲιῦἓιιῧὲσευιθιεάιι.

191 5558 228 5620 (a)
240 5556 289 5628 rid.
302 5564 428 5606 sermones
438 5555 560 5616 stetit,
572 5563 630 5607 tom.
641 5558 675 5617 tt,
692 5570 786 5609 necnon
804 5557 892 5610 lbrnto
908 5558 941 5610 de

159 5615 312 5740 idapem
318 5616 473 5741 {tttghls'atpllbnt'o
487 5618 557 5682 bolos
567 5619 625 5670 tomi
636 5620 651 5669 7
663 5618 807 5682 tppettdtce.

989 4851 1082 4908 ambos
1094 4851 1205 4917 iratres,
1219 4867 1279 4908 curo
1294 4869 1386 4909 eorum
1406 4855 1537 4926 legeretur
1550 4858 1653 4914 libellus
1667 4863 1775 4933 (Serre
1883 4875 1885 4879 ’

990 4941 1064 5013 sis).
1078 4942 1232 5000 lotoebatur
1246 4945 1359 5014 populus
1375 4949 1515 5004 universus
1529 4965 1609 5005 sexus
1627 4960 1774 5025 utrtntqne,

990 5047 1071 5087 noum
1084 5042 1197 5089 stantem
1211 5034 1270 5091 sine
1283 5034 1395 5092 dciormi
1410 5048 1484 5094 orotu
1495 5078 1504 5106 ,
1517 5039 1629 5096 alteram
1650 5046 1773 5105 membris

990 5125 1113 5180 omnibus
1132 5135 1354 5183 contrementem.
1367 5128 1399 5183 lit
1413 5131 1457 5200 qui
1477 5130 1562 5202 ipsunt
1577 5150 1629 5191 ooo
1643 5136 1775 5202 sitierant,

991 5214 1053 5283 quid
1074 5214 1100 5269 in
1122 5229 1156 5270 co
1176 5215 1273 5272 dirioae
1297 5219 1510 5276 misericordia*
1526 5223 1624 5282 lactum
1646 5238 1734 5292 esset,
1750 5230 1776 5285 in

991 5304 1050 5375 eins
1072 5319 1165 5360 sorore
1191 5307 1343 5364 cernebam.
1366 5309 1498 5367 vtdebaot
1519 5315 1589 5369 eninr
1610 5317 1672 5388 quid
1693 5318 1720 5372 itt
1743 5334 1777 5373 eo

1023 5437 1032 5469 ¹
1049 5435 1116 5486 vlod.
1129 5443 1177 5487 ιιι.
1189 5442 1228 5488 ιι.
1239 5440 1425 5491 mmuonouttts
1434 5447 1611 5508 manuscriptis,
1619 5460 1776 5509 quocumqrte.

1022 5498 1034 5529 2
1049 5497 1286 5557 eunomiumne·
1301 5500 1416 5566 ιιιιιιιιι
1436 5505 1550 5556 ttmrtoritt
1561 5516 1620 5557 erat.
1634 5516 1766 5572 interprete

992 5558 1026 5609 tio
1037 5565 1076 5607 est
1087 5566 1112 5608 et
1123 5557 1253 5621 glossema.

1024 5619 1035 5653 ¹
1049 5619 1087 5668 ir.
1099 5627 1123 5669 ct
1133 5626 1199 5680 ton,
1210 5633 1253 5684 per
1264 5621 1390 5674 medam
1400 5625 1559 5677 tmeudantur
1570 5640 1602 5678 er
1613 5627 1668 5680 aliis
1677 5627 1753 5681 libris.

1024 5679 1037 5712 ⁸
1052 5677 1147 5748 Aliquot
1157 5685 1222 5745 uss,
1234 5681 1293 5747 guid
1304 5683 1329 5734 bt
1340 5697 1368 5736 eo
1384 5683 1465 5737 ditr'oo
1476 5685 1648 5741 ιιιειιιειιαιι.
