3900 6390
210 279 263 338 obt
736 283 780 339 bc
797 281 957 340 ctutum:
976 284 1043 353 bet,
1062 283 1091 343 S.
1108 282 1288 342 subustum
1778 274 1833 333 Μ

211 391 289 458 iudo,
304 407 338 448 nc
352 390 406 447 tibc
420 391 627 455 absorbeantur
643 391 787 448 abscedant
797 394 997 467 auteopeni·
1050 394 1209 465 pemanire,
1223 393 1369 450 secundum
1394 393 1558 448 intellectum
1577 400 1667 449 tamen
1688 391 1837 449 sinentibus

212 493 257 539 tos
274 499 328 538 non
346 482 485 539 accedant.
502 482 679 553 ignorantum
691 491 765 540 certe
778 491 805 539 ct
819 493 927 557 propter
938 498 997 540 earn
1050 501 1130 542 omne
1150 486 1222 558 quod
1246 486 1339 552 deest,
1354 484 1520 556 prouidentia
1542 483 1589 540 liei
1611 494 1638 541 et
1660 482 1763 555 gratia,
1777 493 1838 554 post

214 574 297 629 multa
312 573 374 629 vitia
389 589 437 644 per
454 573 538 629 nullas
559 575 652 630 teletas
664 588 770 646 purgari
782 574 866 640 dacos,
889 575 937 631 sed
951 590 999 644 per
1051 575 1121 633 banc
1138 576 1220 631 ntum
1242 591 1321 648 posse
1341 577 1480 648 compleri.
1505 573 1529 631 0
1553 575 1576 630 si
1593 576 1768 647 cognovisses
1790 574 1838 631 bet

212 666 298 722 solum
320 676 434 740 nesporo
448 677 514 732 ecs,
530 665 629 732 idest,
647 676 784 737 paternam
808 676 925 724 menum
942 667 999 723 sire
1050 666 1162 738 gratiam
1185 682 1234 739 per
1252 667 1343 724 iesum
1366 664 1502 723 Christum
1525 667 1665 722 bominum
1692 675 1838 736 nostrum,

214 756 375 812 intellectum
386 797 394 823 ,
405 757 450 827 qui
465 764 583 826 paternas
604 764 646 811 est
659 756 802 812 uoluntatis
812 756 936 813 cmtsdus
948 757 997 829 (a).
1051 759 1188 831 ipsamque
1201 758 1259 828 ojus
1275 759 1564 828 incarnationemque
1585 756 1701 813 bominis
1721 757 1839 812 animam

210 846 290 904 llunc
303 857 392 903 autern
412 846 546 904 Christum
568 861 630 902 csse
652 862 704 903 non
729 847 816 904 eredis
829 865 837 902 ε
851 847 1000 905 οοιιΓοιιιιιΓΓ
1051 864 1200 922 corpusque
1213 851 1340 923 suscepit,
1357 864 1492 906 summum
1505 863 1567 906 esse
1575 848 1727 920 exemplum
1744 841 1839 920 gratioe

212 940 284 996 euim
307 954 368 994 eum
392 948 502 1009 propter
522 952 619 1008 corpus
641 954 674 994 ex
694 937 794 994 lentina
818 947 1001 1009 acceptumst
1050 939 1135 997 rideri
1156 941 1299 1011 potuisses.
1312 940 1366 997 Sed
1380 939 1444 1011 quid
1464 938 1579 995 laciaml
1593 938 1656 995 Scin
1677 953 1721 994 me
1741 937 1840 994 cruos

213 1038 321 1101 propter
340 1031 427 1085 crucis
454 1029 626 1101 opprobrium
638 1071 646 1094 ,
659 1030 792 1085 excelsam
810 1028 935 1085 uidelicet
957 1044 1002 1084 sa·
1051 1031 1123 1104 loqui
1134 1041 1258 1088 mortuo:
1272 1031 1319 1088 sed
1333 1039 1460 1103 quantum
1483 1029 1518 1086 ad
1537 1038 1564 1087 te
1583 1030 1694 1093 attinct;
1709 1036 1838 1099 mantum

212 1121 341 1193 pientiam
366 1120 463 1190 spretis
487 1129 566 1191 atque
586 1120 697 1190 abjectis
715 1120 825 1175 inhrais.
836 1118 949 1175 idoneus
966 1118 1000 1174 de
1051 1133 1140 1180 autem
1161 1122 1195 1179 ad
1207 1136 1270 1189 eos,
1281 1123 1325 1194 qui
1340 1133 1366 1179 te
1378 1121 1606 1195 magnipendunt,
1621 1130 1648 1177 ct
1661 1130 1687 1178 te
1700 1121 1840 1192 reiquali·

212 1211 396 1282 superioribus
409 1225 528 1281 camere.
542 1210 576 1266 ht
590 1211 634 1266 ilic
647 1211 755 1280 implet,
768 1209 839 1278 qnod
862 1208 1001 1279 Prophetae
1052 1228 1167 1285 cumque
1190 1228 1282 1270 amore
1304 1215 1458 1286 sapientie,
1483 1213 1527 1271 rel
1552 1213 1706 1270 curiositate
1723 1213 1839 1279 artium,

214 1305 347 1361 meotide
363 1305 549 1361 iliouerociter
563 1304 760 1374 predixerunt:
774 1301 883 1357 Perdam
902 1304 1002 1373 sopiera-
1051 1318 1119 1376 qrras
1132 1320 1185 1360 non
1199 1305 1314 1362 debuisti
1335 1304 1455 1373 discere,
1468 1304 1601 1375 diligunt,
1616 1319 1684 1376 qtros
1705 1303 1795 1374 potius
1813 1303 1842 1357 in

216 1397 278 1451 ΓΓιιιιι
289 1397 457 1467 munatium,
471 1405 494 1450 et
506 1395 665 1467 pudentiana
684 1395 846 1465 prudentium
864 1393 1001 1463 reprobabo
1054 1403 1097 1450 tua
1121 1395 1325 1466 compellatione
1348 1396 1486 1468 alloquor,
1511 1395 1624 1452 sortasse
1649 1411 1702 1450 non
1730 1392 1839 1450 irustra.

215 1483 294 1557 (lsai.
311 1501 385 1551 xxia,
398 1485 453 1556 tt).
467 1485 525 1541 Non
539 1488 611 1542 enim
632 1500 707 1542 suasu
721 1486 747 1540 in
763 1484 804 1540 eis
816 1484 904 1554 perdit
915 1492 942 1539 et
960 1498 1002 1539 rc·
1053 1485 1145 1542 Gratia
1158 1487 1204 1543 bei
1219 1503 1272 1542 non
1289 1487 1373 1557 potuit
1386 1488 1488 1559 gratius
1501 1486 1698 1553 consmcndari,
1712 1501 1794 1558 qoam
1814 1495 1843 1543 ut

218 1577 323 1649 probat,
335 1593 413 1648 qttant
440 1578 496 1649 ipse
514 1577 641 1644 donanim
657 1578 707 1634 sed
717 1592 795 1649 quam
815 1578 865 1632 sibi
878 1585 1003 1648 arrogant
1054 1577 1111 1646 ipse
1126 1577 1218 1633 unicus
1232 1577 1278 1633 bet
1291 1577 1374 1633 Filius
1388 1577 1415 1632 in
1428 1591 1459 1632 se
1469 1575 1721 1633 incommutabiliter
1730 1590 1843 1631 manens

217 1668 263 1740 qui
277 1684 330 1724 oon
345 1669 443 1725 habent
455 1669 548 1739 ipsius.
565 1667 640 1725 Unde
654 1677 863 1724 commemorato
877 1667 928 1721 isto
941 1681 1003 1736 pro·
1054 1668 1177 1725 indueret
1190 1667 1324 1724 hominem
1337 1671 1364 1736 ²,
1378 1676 1406 1724 et
1424 1682 1499 1739 spem
1522 1667 1673 1723 dilectionis
1694 1681 1750 1721 suae
1764 1666 1843 1722 daret

220 1758 326 1830 pbctico
342 1761 511 1827 testirrronio,
524 1759 644 1830 sequitur
654 1768 681 1814 et
695 1758 759 1814 dicit
775 1758 939 1828 Apostolos:
955 1756 1004 1812 ilbi
1055 1758 1224 1828 bominibus,
1246 1761 1353 1815 bomine
1376 1759 1486 1826 medio,
1502 1775 1555 1830 quo
1569 1758 1602 1814 ad
1616 1759 1691 1814 ilium
1704 1758 1739 1813 ab
1753 1758 1844 1813 homi·

217 1850 339 1921 ιορΓΓιιιΓ
365 1850 407 1904 abi
430 1851 534 1905 unia?
553 1851 595 1906 nbi
620 1852 771 1921 conquisitor
795 1850 871 1922 lajas
896 1850 1005 1904 seculi?
1056 1853 1133 1909 nibus
1146 1853 1292 1918 ueniretur,
1313 1853 1357 1924 qui
1383 1862 1436 1907 tam
1461 1852 1540 1923 longe
1563 1859 1622 1907 erat
1645 1848 1806 1906 immortalis
1827 1863 1844 1906 a

221 1939 314 1997 Nonne
343 1944 445 1998 stultum
465 1943 524 2014 fecit
546 1942 615 1999 Deus
635 1944 784 2015 sapiendum
800 1942 875 2014 arque
896 1943 1005 1998 attondi?
1056 1945 1225 2012 mortalibus,
1237 1943 1460 2001 incommutabilis
1472 1958 1487 1999 a
1500 1942 1745 2010 commutabilibus,
1756 1941 1846 2013 justus

221 2033 292 2090 Nam
309 2038 431 2107 qtroruaas
447 2037 474 2090 in
488 2034 536 2090 bet
547 2037 672 2107 sapientia
694 2053 744 2090 non
762 2036 877 2108 cognouit
897 2035 1006 2091 mandre
1056 2038 1090 2093 ab
1103 2037 1200 2106 inopiis,
1213 2037 1306 2094 beatus
1319 2052 1334 2092 a
1348 2036 1463 2092 miseris.
1481 2035 1516 2090 ΕΓ
1528 2035 1589 2106 quia
1601 2033 1757 2090 naturaliter
1771 2032 1844 2088 indi·

220 2140 266 2196 per
277 2126 427 2197 numeratione
445 2125 543 2192 Deum,
560 2126 657 2197 placuit
670 2125 780 2197 Deopcr
792 2127 924 2182 stultitiam
938 2143 1004 2198 prce-
1056 2127 1095 2183 dit
1117 2127 1212 2194 nobis,
1229 2135 1259 2183 ut
1280 2127 1349 2183 beati
1373 2126 1590 2204 immortalesque
1612 2140 1672 2181 esse
1695 2125 1845 2194 cupiamus,

221 2215 354 2271 dicationis
376 2217 459 2272 echos
484 2219 569 2290 [acne
587 2218 724 2272 urentes.
754 2218 880 2285 Quoniam
906 2218 1006 2289 quidem
1057 2233 1169 2274 titaneus
1183 2219 1296 2285 beatus,
1317 2219 1520 2290 suscipiensque
1542 2216 1701 2283 mortalem,
1715 2224 1745 2271 ot
1768 2214 1847 2270 nobis

221 2301 545 2376 insusurrantisque
559 2304 1007 2378 Groecisepieatiantquoerunttncs
1058 2312 1187 2369 tribueret
1211 2311 1283 2383 quod
1303 2324 1442 2379 amamus,
1463 2306 1637 2382 perpetiendo
1659 2307 1752 2366 docuit
1781 2321 1847 2363 cota·

222 2407 325 2460 mem,
349 2398 450 2468 inquit,
471 2398 638 2469 predicamus
675 2397 802 2453 Christum
839 2399 1007 2467 Γιιιοίῥοιιιιη

221 2484 434 2558 coaeternalem
450 2489 616 2556 mandalum,
631 2487 753 2544 Gentibus
763 2499 846 2544 autent
855 2488 1006 2553 stultitinna,·

223 2575 286 2647 ipris
300 2594 358 2633 uero
370 2581 463 2633 secutis
473 2578 572 2634 iudeis
586 2589 610 2634 et
624 2578 719 2634 Grecis
730 2578 857 2635 Cinnano
871 2577 919 2635 Dei
930 2579 1009 2634 cirtu-

226 2679 276 2725 tem
298 2679 322 2726 et
346 2670 392 2725 ilci
405 2673 555 2744 ιορΓΓιιΓΓοιιι
568 2689 577 2727 .·
591 2673 711 2743 qttoniom
724 2674 829 2728 stultam
844 2671 892 2728 Dei
907 2673 1008 2744 sapien·

225 2759 274 2814 tias
293 2770 331 2816 est
350 2761 513 2828 bantinihua,
532 2772 556 2816 et
576 2762 707 2831 irnfirmum
717 2762 766 2817 Dei
777 2764 867 2833 fortius
880 2772 916 2818 cst
929 2764 1010 2818 ΓιοιιιΓ·

225 2849 297 2906 ribus
310 2849 330 2923 (Ι
339 2849 398 2907 dor.
412 2851 549 2923 nto-mu
562 2852 619 2908 lloc
630 2853 706 2929 quasi
716 2853 826 2908 stultum
840 2853 1008 2910 etinurrnum

230 2950 350 3014 nmquam
362 2958 409 2999 sun
423 2944 521 3000 uirtute
531 2944 666 3016 sapientes
679 2945 813 3015 sortesque
826 2955 1009 3002 contemnunt.

226 3032 280 3088 Sed
304 3032 361 3090 lutee
381 3042 423 3089 est
443 3035 619 3106 gratiaque
642 3045 719 3090 sarrat
741 3035 877 3103 infirmos,
893 3051 945 3091 non
964 3051 1010 3092 su-

228 3125 316 3194 perbae
328 3126 461 3197 jactantes
474 3126 566 3182 salsam
581 3127 771 3183 beatitudinem
792 3142 881 3188 suam.
895 3128 942 3185 sed
963 3130 1013 3185 hu·

228 3216 327 3272 aniliter
339 3217 427 3287 potius
440 3233 530 3275 veram
546 3218 679 3274 miseriam
692 3218 860 3274 conitentes.

228 3304 340 3363 CAPUT
362 3306 459 3364 xiix.
471 3307 550 3362 -De
561 3308 734 3363 incarnatione
742 3306 846 3363 Domini
859 3309 938 3364 nostri
948 3308 1012 3365 lesu
1064 3309 1101 3374 ti.

263 3397 365 3464 Cbnrti,
375 3415 451 3469 queat
465 3399 578 3469 compteri
590 3397 780 3454 Platonicorum
790 3397 910 3455 nubunt
921 3401 1013 3474 impie·

265 3499 314 3545 tas.

265 3582 293 3636 l.
308 3579 439 3636 Prndicas
449 3581 554 3636 Patrem
564 3590 590 3636 et
601 3581 658 3652 eius
668 3583 776 3649 Filium,
786 3598 864 3654 quem
875 3598 955 3639 vocas
966 3599 1013 3656 pa·

231 3681 336 3726 ternum
347 3671 509 3727 intellectum
521 3685 568 3727 seu
589 3682 753 3737 mentemst
771 3672 868 3728 horum
880 3674 1012 3739 medium,

234 3776 315 3832 quem
326 3769 450 3831 portamus
462 3770 490 3818 te
503 3760 593 3818 dicere
606 3761 733 3832 Spiritum
749 3771 888 3829 sanctum,
899 3771 926 3819 et
940 3778 1014 3818 moro

234 3861 326 3908 rostro
338 3851 457 3924 appellas
471 3862 526 3909 tres
535 3852 600 3908 deos
610 3852 657 3925 (Γ).
671 3851 731 3919 ilbi,
746 3853 796 3909 etsi
808 3853 896 3910 serbis
908 3853 1015 3909 indisci-

232 3943 338 4016 plinatis
347 3945 559 4011 utimini,ridctis
568 3955 656 4001 mosen
667 3945 895 4017 qualitercumque
903 3954 930 4001 ct
939 3946 1015 4015 qtrasi

232 4053 280 4106 per
290 4036 411 4108 quaedam
425 4037 512 4093 tentos
521 4037 714 4110 imaginationis
724 4037 896 4104 umbracula,
909 4052 961 4108 quo
975 4038 1015 4092 ni·

233 4127 341 4183 tendum
354 4127 390 4183 sit
404 4145 411 4184 :
423 4127 471 4184 sed
490 4128 699 4185 incarnationem
711 4127 933 4184 incommutabilis
955 4127 1015 4183 Filii

236 4217 301 4283 liei,
316 4231 368 4288 qua
380 4218 532 4285 salvamur,
544 4228 573 4273 ut
585 4217 619 4273 ad
638 4218 682 4274 illa
695 4233 755 4288 qnae
767 4217 915 4283 credimus,
928 4217 970 4273 rel
982 4233 1016 4273 ex

237 4307 479 4378 qttarrtulacumquo
493 4318 569 4378 parte
580 4308 860 4381 intelligimus,uenire
872 4309 1014 4380 possimus,

235 4396 379 4454 nonnuliis
392 4412 546 4469 agnoscere.
555 4399 646 4470 itaque
655 4400 749 4456 ridetis
759 4409 915 4471 utramque,
924 4399 974 4456 etsi
983 4400 1017 4456 de

234 4489 390 4561 longinquo,
398 4489 448 4545 etsi
463 4489 520 4546 acie
528 4490 671 4560 caligante,
679 4492 790 4562 patriam
805 4492 830 4546 iu
840 4507 890 4563 qua
905 4506 1016 4547 manen·

234 4581 298 4638 dom
308 4589 367 4647 est;
377 4581 501 4638 sedniam
514 4595 565 4654 qua
573 4581 688 4639 eundum
699 4592 751 4650 est,
760 4596 813 4637 non
822 4581 1018 4638 tenetis.Conii·

236 4673 302 4730 teris
327 4682 416 4729 tamen
444 4673 574 4744 gratiam,
588 4672 800 4745 quandoquidem
812 4674 845 4729 ad
866 4674 948 4729 [Γοιιιιι
971 4689 1019 4745 per

235 4765 360 4822 uirtutem
383 4765 563 4837 intelligentiae
588 4766 745 4836 pertenire,
763 4766 853 4836 paucis
874 4765 941 4826 dicis
958 4781 1019 4827 esse

230 4871 403 4922 ‚emarcescunt
411 4856 470 4913 lion
482 4874 552 4912 cnam
560 4856 638 4924 dicis,
650 4856 743 4913 Paucis
752 4857 863 4927 placuit;
876 4857 930 4924 ccl,
940 4856 1018 4913 Pauci

235 4946 376 5004 uoluerunt
389 4965 396 5002 :
410 4947 458 5004 sed
479 4963 538 5004 cum
560 4947 627 5003 dicis
647 4962 707 5003 esso
729 4962 906 5015 concessum,
929 4949 1019 5018 procui

235 5037 319 5095 dubio
330 5039 378 5095 bei
391 5041 515 5111 gratim,
529 5057 582 5096 non
599 5041 715 5096 bominis
728 5039 914 5096 sufficientiam
934 5039 1020 5094 conia·

237 5126 312 5183 teris.
324 5127 413 5185 literis
423 5131 503 5188 etiam
516 5130 567 5186 hoc
581 5131 664 5187 verbo
675 5131 793 5202 apertius
806 5172 813 5196 ,
828 5131 890 5195 ubi,
904 5129 1020 5185 Platonis

238 5218 399 5275 molentium
414 5216 450 5292 (c)
463 5236 601 5292 sequens
626 5238 676 5278 nec
699 5223 755 5292 ipse
773 5222 896 5286 dubitas,
920 5220 947 5274 Γιι
971 5219 1022 5275 bac

238 5306 296 5362 rita
310 5306 445 5365 bominem
459 5311 531 5366 nullo
544 5311 623 5367 modo
637 5312 670 5367 ad
683 5311 872 5383 perlectionem
885 5310 1022 5380 sapientire

264 5397 306 5510 ἑο)
316 5398 544 5453 ΓΓιΓΙΓΓιΓΓιιιοιιΓοι
528 5410 669 5465 quaternam
679 5403 954 5473 chuninseogrbtnus,
960 5400 1023 5450 libro

240 5459 253 5513 l
281 5462 410 5512 cumeani
427 5459 583 5535 Philosophia,
595 5465 710 5527 qoaeiliis
728 5467 826 5516 etiamn
840 5461 1023 5537 epeltcinunotls

239 5520 299 5573 dicit
288 5528 338 5573 t.ur
353 5522 499 5596 uorphprii
492 5526 567 5596 ipsium
576 5528 723 5577 sentennaco
739 5526 771 5578 de
781 5533 863 5579 mente
881 5525 961 5577 dirim
977 5537 1022 5576 seu

241 5588 340 5634 salmon
352 5585 553 5645 relertrucaite
566 5585 736 5641 theomenes

284 5642 298 5694 l
321 5645 396 5695 tide
389 5644 459 5704 rui,ra
416 5598 518 5694 ilib.
523 5644 561 5703 ts,
571 5657 624 5707 mu
636 5647 676 5699 23.

271 5643 296 5767 ic
297 5644 308 5769 i
320 5712 345 5755 ιιι
355 5706 473 5758 ΓΓιιΓιΓοιιιι
485 5714 510 5756 et
522 5660 669 5769 sqiounrus.

1057 2414 1178 2460 temnere
1190 2403 1261 2474 quod
1275 2403 1409 2458 timemus.

1093 2495 1121 2550 Γ.
1136 2495 1189 2553 Sed
1213 2495 1273 2551 huic
1291 2494 1395 2551 renati
1414 2502 1444 2549 ut
1460 2493 1574 2564 possetis
1588 2490 1777 2563 acquiescere,
1793 2488 1846 2543 ho·

1059 2588 1170 2644 militate
1190 2600 1257 2658 opus
1278 2594 1352 2651 erat,
1374 2600 1433 2656 quos
1454 2583 1551 2641 cervici
1573 2589 1671 2639 vestrm
1692 2578 1849 2637 difficillime

1060 2677 1212 2749 persuaderi
1224 2685 1322 2746 potest.
1333 2674 1402 2743 Quid
1413 2675 1484 2731 enim
1494 2671 1650 2729 incredibile
1661 2670 1768 2733 didmr.
1778 2683 1850 2740 prcc-

1060 2768 1152 2824 sertim
1165 2767 1241 2823 uobis
1252 2767 1296 2839 qui
1310 2766 1370 2822 talia
1384 2765 1492 2836 sapitis,
1504 2762 1601 2836 quibus
1618 2761 1717 2819 adhoc
1732 2759 1847 2818 creden

1060 2858 1125 2915 dum
1144 2871 1191 2914 vos
1213 2858 1287 2929 ipsos
1307 2856 1452 2913 admonere
1470 2854 1606 2922 debeatis3
1621 2852 1701 2925 quid,
1719 2851 1847 2924 inquam,

1061 2949 1136 3005 robis
1156 2948 1309 3005 incredibile
1328 2947 1435 3014 dicitur,
1458 2961 1520 3002 cum
1538 2945 1609 3001 Deus
1628 2943 1725 3000 dicitur
1744 2956 1850 2998 msam·

1061 3039 1147 3111 psissc
1157 3038 1299 3094 humanam
1308 3038 1421 3092 animam
1430 3045 1459 3092 et
1471 3034 1587 3106 corpus?
1601 3032 1655 3090 ios
1662 3041 1736 3090 certe
1747 3040 1851 3088 motum

1063 3128 1177 3184 tribuitis
1189 3128 1285 3183 anitute
1299 3126 1487 3193 intellectuali,
1501 3140 1561 3196 qum
1582 3124 1669 3179 antima
1684 3124 1775 3194 autiquae
1797 3120 1849 3177 bu·

1063 3232 1139 3274 mana
1152 3226 1207 3284 est,
1221 3225 1251 3272 ut
1264 3232 1323 3274 eant
1336 3215 1587 3272 consubstantialem
1600 3221 1719 3284 pateram
1731 3213 1768 3268 illi
1780 3228 1852 3268 men·

1116 3322 1194 3377 quern
1209 3307 1256 3362 liei
1271 3307 1365 3362 Filium
1383 3305 1563 3371 confitemini,
1583 3302 1641 3359 lieri
1655 3317 1733 3374 posse
1745 3303 1850 3359 dicatis.

1063 3396 1132 3465 Quid
1145 3411 1209 3467 ergo
1223 3396 1378 3452 incredibile
1391 3404 1449 3461 est,
1461 3395 1483 3450 si
1498 3395 1583 3465 aliqua
1597 3406 1648 3448 una
1663 3392 1851 3448 intellectualis

1064 3488 1151 3543 anima
1162 3485 1242 3542 aurudo
1252 3485 1366 3555 quodam
1380 3484 1507 3541 incdabili
1517 3492 1544 3540 et
1557 3483 1683 3553 singulari
1696 3497 1744 3553 prq
1757 3485 1854 3539 multo-

1064 3594 1123 3634 rum
1138 3578 1224 3633 salute
1234 3587 1357 3647 suscepta
1373 3575 1436 3631 esti
1447 3574 1549 3645 Corpus
1566 3587 1631 3631 tero
1646 3573 1743 3629 animos
1761 3572 1853 3628 coboe-

1064 3685 1140 3733 rere‚
1152 3677 1180 3724 ut
1195 3669 1274 3724 bomo
1289 3677 1360 3724 totus
1373 3676 1400 3723 et
1412 3666 1505 3739 plenus
1519 3667 1572 3732 sit,
1587 3674 1681 3720 natura
1693 3672 1785 3719 nostra
1795 3665 1852 3734 ipsa

1067 3769 1134 3817 testo
1143 3761 1338 3830 cognoscimus.
1349 3757 1425 3826 Quod
1436 3757 1486 3812 nisi
1498 3756 1696 3812 utitatissimum
1709 3763 1792 3819 esset,
1804 3754 1855 3810 broc

1065 3847 1805 3925 proiectoessetincredibilios:faciliusquippeinddem
1815 3864 1855 3904 re

1066 3946 1215 4018 cipiendum
1227 3954 1283 4013 est,
1297 3945 1347 4002 etsi
1359 3943 1503 3999 humanum
1516 3943 1622 4007 diuino,
1637 3942 1688 3997 etsi
1701 3940 1854 3996 motabilem

1066 4037 1284 4106 incommutabili,
1295 4047 1384 4093 tamen
1399 4036 1522 4108 spiritum
1533 4034 1647 4105 spiritui,
1660 4041 1715 4099 aut,
1728 4041 1757 4087 ut
1766 4032 1856 4087 ueritis

1067 4140 1193 4202 utarquto
1202 4130 1229 4185 in
1237 4144 1286 4185 usu
1294 4128 1406 4193 habetis,
1418 4128 1601 4197 incorporeum
1612 4126 1857 4194 incorporeoqrtaor

1066 4235 1163 4293 corpus
1183 4220 1340 4290 incorporeo
1350 4217 1496 4273 coherere.
1507 4218 1547 4270 An
1560 4213 1628 4269 sorte
1641 4228 1688 4270 ros
1697 4212 1808 4269 ommia
1820 4213 1857 4266 Γιι

1067 4315 1179 4369 usitatus
1192 4311 1313 4382 corporis
1327 4320 1419 4381 partus
1431 4324 1464 4365 ex
1477 4307 1598 4379 uirgine?
1610 4304 1701 4376 Neque
1712 4303 1765 4361 hoc
1776 4302 1859 4360 debet

1068 4402 1212 4469 offendere,
1224 4402 1279 4456 imo
1291 4400 1377 4471 potios
1389 4398 1422 4454 ad
1435 4399 1560 4469 pictatem
1573 4393 1767 4465 suscipiendam
1777 4391 1859 4450 debet

1070 4493 1211 4558 adducere,
1224 4491 1294 4564 quod
1307 4490 1435 4546 mirabilis
1447 4487 1604 4544 mirabiliter
1613 4495 1689 4541 natus
1701 4493 1751 4541 est.
1764 4486 1805 4540 Αιι
1816 4497 1859 4539 ιο

1069 4600 1101 4642 ro
1114 4585 1185 4657 quod
1200 4586 1285 4655 ipsum
1298 4599 1394 4654 corpus
1410 4590 1496 4638 morte
1507 4579 1667 4649 depositum,
1680 4586 1707 4633 et
1720 4577 1747 4633 in
1761 4575 1859 4633 melius

1071 4679 1265 4735 resurrectione
1285 4684 1432 4742 mutatum,
1453 4674 1508 4744 jona
1534 4669 1753 4740 incorruptibile,
1767 4682 1858 4739 neque

1072 4772 1205 4828 mortale¹
1221 4772 1246 4826 iu
1259 4785 1373 4840 superno
1388 4765 1530 4822 subnexui
1543 4764 1599 4820 lloc
1615 4761 1728 4818 tortasse
1748 4759 1860 4816 credere

1072 4863 1219 4925 recusatis,
1239 4861 1372 4914 intuentes
1388 4857 1564 4926 Porphyrium
1579 4854 1605 4908 in
1621 4852 1664 4906 his
1681 4849 1746 4922 ipsis
1765 4848 1858 4915 libris,

1072 4969 1104 5008 ct
1128 4951 1223 5021 quibus
1247 4949 1327 5005 multa
1351 4946 1445 5018 posui,
1468 4959 1535 5014 qtrrts
1561 4943 1595 4999 de
1617 4953 1738 5012 regressu
1762 4939 1858 4994 animan

1073 5044 1198 5112 suripsit,
1218 5053 1270 5097 tnm
1288 5040 1383 5097 ercino
1399 5037 1561 5107 precipere,
1580 5049 1660 5090 omne
1679 5045 1777 5101 corpus
1798 5045 1859 5086 esso

1073 5135 1242 5207 largiendum,
1262 5142 1291 5187 ut
1311 5131 1398 5185 anima
1413 5128 1497 5199 possit
1518 5127 1595 5182 locata
1617 5137 1774 5196 permanere
1797 5136 1858 5176 cuna

1074 5226 1139 5280 Deo.
1157 5221 1208 5280 Sed
1223 5225 1280 5293 ipse
1298 5224 1384 5292 potitus
1402 5221 1452 5275 ista
1469 5218 1588 5274 scuticas
1601 5213 1774 5286 corrigendos
1791 5209 1858 5269 luit,

1075 5316 1221 5388 prasertim
1234 5328 1295 5367 corn
1306 5312 1341 5367 de
1354 5311 1440 5364 anima
1454 5307 1633 5375 mundibuJus
1645 5303 1756 5359 risibilis
1765 5311 1793 5357 et
1806 5309 1859 5355 tarn

1076 5409 1189 5481 ingentis
1209 5419 1344 5477 corporee
1364 5401 1461 5463 molis,
1474 5414 1534 5455 cum
1555 5398 1600 5453 illo
1621 5404 1674 5451 tatn
1694 5389 1861 5449 incredibilia

1107 5518 1202 5568 ¹sind.
1214 5526 1264 5568 sm.
1278 5522 1315 5566 rr.
1328 5522 1355 5566 et
1359 5513 1520 5588 pimesuss
1529 5509 1670 5561 muneretur
1683 5504 1813 5556 loannem
1835 5506 1863 5552 ΓΓ

1076 5584 1149 5636 iidem
1161 5579 1214 5629 libri
1227 5586 1290 5652 post,
1302 5577 1394 5628 tuamne
1406 5574 1501 5634 audio,
1513 5546 1613 5631 habent,
1625 5582 1673 5633 qua
1692 5567 1723 5619 ori
1742 5565 1821 5617 iiluna.
1832 5585 1863 5602 -·

1076 5647 1112 5696 sic
1122 5639 1278 5693 enarranoitri
1289 5647 1342 5690 tiss.
1376 5646 1403 5687 ΓΙ.

1111 5705 1171 5755 ’bic
1187 5709 1239 5753 lisa
1252 5703 1310 5753 editi
1323 5713 1391 5760 uero,
1407 5691 1626 5761 atqueiarrnortulc.
