3900 6390
251 285 286 348 ts
795 289 838 344 aa
856 288 1014 346 enarrare
1030 290 1095 362 aar,
1113 295 1142 350 s.
1165 296 1343 357 cucusum
1833 292 1874 368 ἰι

252 400 328 470 Quod
343 401 413 457 suita
427 409 478 467 est,
492 400 543 457 boe
561 414 618 471 :pso
636 400 758 456 callidior
769 401 928 458 advertenda
947 412 988 459 est
1005 412 1034 460 ct
1088 410 1131 464 tias
1147 410 1180 466 ad
1193 411 1363 484 decipiendos
1382 415 1460 472 ctiam
1474 395 1571 488 pauens
1584 420 1683 487 bonos,
1697 421 1870 496 aequanimis

203 547 209 583 1
225 566 231 585 .
251 490 434 546 convincenda
447 490 548 546 malitia
555 489 695 561 spirituum
702 491 852 546 noxiorum.
866 492 949 547 l'anta
961 493 1031 549 enim
1086 498 1113 554 in
1126 511 1220 570 aperto
1232 503 1400 562 inritamenta
1414 509 1538 581 nequitiae
1554 509 1587 566 ad
1600 512 1774 582 possidendus
1788 517 1871 573 innu-

204 585 208 597 '
225 583 293 643 iris
311 591 356 640 est
372 582 511 653 probitatis
531 591 560 639 et
579 582 726 647 medatis,
744 591 774 638 ut
793 584 881 639 omnis
901 585 943 640 rel
965 599 1032 657 pene
1085 591 1225 648 mersuras
1240 595 1343 650 maros:

226 654 338 754 :omnis
356 672 414 742 ejus
437 670 515 727 laude
535 679 674 727 mereator
695 669 809 727 bumana
836 682 949 735 natura.
981 689 1031 730 nce

226 755 231 768 '
249 761 417 833 usqueadeo
436 763 471 817 sit
489 761 651 833 turpitudine
664 762 775 831 vitiosa,
788 771 819 818 at
832 771 916 819 totum
928 764 1028 820 amittat

219 927 221 930 Α
247 865 356 908 mam
377 850 535 907 honestatis.
558 851 674 907 Proinde
694 850 843 922 malignitas
857 853 1020 926 damnatam

238 941 299 998 misi
312 941 407 999 alicnbl
429 956 479 1008 sc,
501 941 723 1012 quemadmodum
744 942 871 1012 semmam
890 943 916 998 in
930 944 1028 1000 nostris

245 1030 354 1088 Litteris
366 1032 500 1096 norimus,
512 1032 681 1104 transfiguret
689 1032 715 1087 in
725 1033 834 1104 angelus
845 1032 911 1088 lucis
923 1032 955 1104 (tt
968 1033 1027 1090 Cor.

244 1136 290 1190 ιι,
304 1122 368 1193 tt),
381 1137 435 1178 non
453 1122 546 1194 implet
561 1123 695 1193 negotium
706 1121 878 1193 demptionis.
893 1123 969 1179 Foris
979 1124 1029 1180 ita·

243 1227 296 1283 que
309 1211 412 1283 populis
421 1211 597 1269 celeberrimo
606 1213 717 1282 strepitu
730 1213 852 1284 impietas
866 1215 967 1284 impura
975 1216 1028 1271 cir·

235 1303 510 1371 casaromaniana
524 1303 616 1372 paucis
625 1303 733 1359 matites
743 1303 864 1359 simulata
877 1305 919 1358 rix
930 1313 1024 1361 sonat:

237 1390 396 1461 prebeatur
409 1390 544 1462 propatula
555 1389 703 1461 pudendis,
716 1400 742 1446 et
751 1401 854 1446 secreta
869 1391 1024 1448 laudandis:

243 1479 324 1538 decus
336 1480 419 1546 latet,
441 1490 469 1536 et
482 1480 598 1536 dodecm
609 1489 681 1551 patet
696 1499 704 1536 :
718 1480 787 1551 quud
800 1481 899 1536 malum
911 1484 1023 1552 geritur,

241 1583 335 1626 omnes
356 1578 486 1626 convocat
508 1581 687 1641 spectatores:
706 1571 778 1640 quod
798 1571 896 1626 bonnm
917 1572 1023 1641 dicitur,

240 1660 285 1716 rix
297 1661 398 1732 aliquos
411 1662 511 1718 mreait
523 1663 677 1718 auditores:
697 1669 823 1733 tanquam
838 1661 948 1719 honesta
963 1678 1024 1720 era·

239 1750 371 1806 besccnda
385 1750 458 1817 sint,
473 1759 501 1807 et
513 1750 653 1806 inhonesta
665 1749 812 1821 glorianda.
826 1750 880 1808 Sed
894 1753 937 1808 ubi
954 1751 1022 1819 boc,

237 1841 289 1898 nisi
300 1843 326 1898 in
339 1842 489 1899 daemonum
501 1842 623 1911 amatur
633 1842 678 1898 abi
690 1882 698 1908 ,
712 1841 762 1898 nisi
775 1843 801 1897 in
815 1841 925 1898 teitaun
935 1844 1022 1900 direr-

236 1933 316 1988 aorirs
325 1933 352 1988 ¹?
363 1932 427 1989 tttad
440 1934 512 1991 enim
524 1935 563 1999 iit,
579 1945 607 1989 ut
620 1933 796 1999 ltonestiores,
809 1935 853 2004 qui
862 1936 937 2004 pauci
947 1944 1019 2001 suast,

234 2022 386 2090 capiamur:
414 2023 466 2078 lruc
486 2032 594 2091 numm,
613 2039 648 2078 ne
661 2023 770 2093 plures,
789 2024 834 2095 qui
847 2025 1019 2096 santturpis·

233 2111 310 2178 sinai,
326 2111 503 2181 corrigantur.

267 2202 296 2259 2
315 2202 365 2260 llbi
387 2214 414 2259 et
433 2202 540 2275 quando
559 2202 656 2259 sacrati
677 2202 801 2260 Caelestis
817 2203 856 2275 (a)
874 2202 1019 2260 audiebant

232 2297 362 2353 castitatis
382 2305 533 2367 precepta,
557 2297 716 2352 nescimus:
738 2305 800 2352 ante
819 2296 905 2366 ipsum
929 2307 1016 2353 tantm

227 2385 388 2450 delubrum,
411 2386 455 2442 ubi
469 2385 640 2442 simulacrum
653 2385 717 2442 iliad
736 2386 851 2442 locatum
863 2386 1016 2455 conspicie-

227 2477 335 2543 irtmns,
351 2477 467 2533 arrirersi
482 2478 597 2547 audique
607 2475 785 2544 confluentes,
802 2485 830 2533 et
842 2477 885 2532 ubi
904 2477 1016 2547 quisque

226 2576 334 2636 putarat
347 2578 457 2635 stantes,
475 2568 550 2623 ladas
562 2569 606 2639 qai
620 2568 765 2638 agebantur
776 2567 944 2624 intentissimi
954 2583 1015 2638 spe·

229 2657 385 2722 cabannas,
404 2659 536 2713 irataentes
546 2658 696 2712 alternante
707 2668 868 2727 conspecta,
884 2659 946 2715 irinc
958 2675 1015 2715 me·

234 2747 367 2802 retriciarn
382 2762 504 2817 pnrupam
514 2787 522 2814 ,
534 2746 606 2801 illinc
618 2747 745 2816 uirginem
756 2747 849 2813 dadau
864 2749 935 2803 illam
949 2763 1014 2820 sup·

229 2835 336 2906 pliciter
347 2838 470 2902 adorari,
483 2848 546 2893 ante
559 2837 631 2892 iliam
647 2839 733 2908 turpia
747 2837 895 2893 celebrari:
911 2852 962 2892 noa
977 2839 1012 2893 ibi

230 2930 401 3002 pudibundos
416 2932 512 2987 mirrtos
521 2971 530 2998 ,
538 2931 638 2986 auitam
651 2930 868 2986 verecundiorem
878 2932 1011 2986 scenicam
1023 3003 1025 3009 ³

225 3022 358 3088 uidimus:
388 3032 483 3078 cuncta
508 3021 680 3078 obscenitatis
711 3022 889 3091 implebantur
913 3021 1009 3078 ulida.

226 3111 366 3169 Sciebatta
379 3112 497 3183 virginali
514 3112 615 3168 numini
632 3111 696 3183 quid
716 3112 845 3181 placeret,
861 3110 1010 3167 eteabibe·

224 3202 303 3260 batur
323 3204 392 3275 qnod
413 3205 447 3260 de
461 3204 561 3275 templo
580 3203 687 3259 domum
708 3211 827 3258 matrona
840 3201 947 3258 doctior
964 3217 1009 3259 re-

227 3302 356 3366 portaret.
371 3293 509 3350 Nonnulla
521 3292 689 3363 pudentiores
700 3290 856 3346 avertebant
868 3291 961 3347 taciem
974 3290 1009 3347 ab

225 3385 337 3457 impuris
347 3384 461 3440 motibus
473 3383 648 3447 scenicorum,
663 3390 691 3438 et
701 3391 786 3437 artem
797 3381 902 3452 lingitii¹
913 3380 1007 3446 furtiva

225 3474 372 3530 internione
390 3473 537 3529 discebant.
552 3470 707 3528 llominibas
720 3471 1005 3542 naarquererecanda·

223 3567 330 3633 bantur,
343 3581 377 3622 ne
388 3563 673 3634 auderentimpadicos
686 3572 777 3632 gestus
791 3577 837 3618 ore
852 3562 935 3618 libero
947 3577 1006 3618 cer·

222 3672 306 3725 nere:
326 3657 373 3714 sed
395 3657 479 3712 multo
497 3655 584 3712 minus
596 3655 729 3710 audebant
740 3668 816 3709 saera
828 3653 904 3724 eius,
925 3668 1005 3723 qnam

221 3747 425 3810 amandantur.
446 3755 520 3803 casto
538 3746 619 3802 eorde
632 3744 768 3800 damnare.
783 3743 838 3799 lloe
852 3752 939 3798 maren
956 3757 1003 3813 pa·

219 3837 274 3894 lam
290 3836 445 3893 discendam
461 3835 629 3908 praebebatur
641 3835 666 3890 in
682 3832 796 3903 templo,
810 3833 844 3888 ad
858 3833 927 3903 quod
943 3847 1003 3902 per·

222 3927 378 3998 petrandurn
400 3927 493 3983 saltem
515 3935 647 3982 secretam
668 3924 836 3994 quaerebatur
856 3924 883 3979 in
904 3923 1001 3979 donno:

221 4018 335 4075 mirante
346 4018 456 4074 nimium
471 4018 504 4090 (si
516 4017 585 4073 ullus
597 4017 631 4071 ibi
644 4023 712 4086 erati
728 4016 829 4085 pudore
841 4015 1001 4080 mortalium,

218 4108 289 4179 quod
305 4107 418 4163 humana
431 4106 550 4179 flagitia⁸
563 4124 617 4163 nun
631 4107 714 4162 libere
725 4105 846 4160 nomines
855 4106 1003 4173 cuqtmitte·

1084 699 1196 760 CAPUT
1224 703 1329 762 xxltt.
1343 737 1379 748 -·
1392 708 1493 775 Quanta
1513 713 1639 768 merione
1657 714 1763 784 publice
1788 719 1866 799 disci7

1118 793 1197 938 5:31oe
1208 793 1317 852 Ronmni
1327 799 1376 853 diis
1384 800 1437 854 sais
1449 801 1580 876 placandis
1591 807 1744 862 manaim
1756 808 1864 865 almerae

1164 899 1246 939 orara.

1117 991 1164 1049 Vir
1172 995 1259 1065 gravis
1267 1005 1295 1052 et
1304 997 1515 1069 philosophaster
1523 1001 1625 1059 Tullius
1636 1005 1643 1037 ¹
1655 1005 1740 1064 aedilis
1750 1008 1866 1080 iuturus,

1080 1083 1213 1142 clamabat
1234 1088 1260 1142 in
1278 1089 1385 1145 auribns
1399 1091 1529 1157 civitatis,
1546 1095 1613 1151 inter
1627 1108 1723 1155 cutem
1743 1100 1786 1157 sui
1806 1119 1865 1158 ma-

1079 1175 1204 1244 gistratas
1214 1176 1300 1234 ollicia
1310 1178 1359 1234 sibi
1373 1179 1478 1236 Floram
1494 1192 1605 1238 matrem
1618 1186 1741 1244 turdorum
1751 1191 1865 1248 celebri·

1080 1273 1133 1321 tate
1144 1267 1299 1336 placandam
1312 1268 1368 1343 (cir
1390 1270 1436 1342 qai
1460 1273 1514 1329 indi
1529 1283 1603 1332 mato
1614 1275 1751 1346 devotius,
1765 1294 1864 1352 quanto

1080 1357 1183 1427 turpius
1195 1358 1323 1415 celebrari
1339 1360 1436 1418 solent.
1451 1362 1518 1419 llicit
1530 1365 1582 1421 alio
1593 1366 1651 1422 lucc
1660 1368 1716 1438 jam
1729 1372 1823 1429 corrsul
1836 1373 1862 1429 in

1078 1450 1204 1504 extremis
1221 1450 1346 1520 periculis
1360 1454 1491 1520 civitatis,
1503 1467 1530 1513 et
1543 1457 1618 1513 ludos
1637 1474 1686 1528 per
1699 1461 1792 1517 deceat
1804 1464 1862 1521 dies

1077 1537 1169 1603 tactos,
1183 1554 1269 1610 neque
1282 1557 1339 1596 rem
1355 1543 1433 1598 ailam
1448 1562 1507 1615 qam
1521 1546 1553 1602 ad
1567 1550 1708 1618 placandus
1719 1551 1785 1607 deas
1799 1570 1861 1624 pcr-

1077 1627 1193 1695 tineret,
1217 1631 1422 1698 praetermissam
1444 1634 1505 1704 (i):
1527 1638 1601 1706 quasi
1624 1655 1676 1694 non
1701 1641 1785 1698 satius
1802 1654 1862 1699 erat

1076 1714 1143 1773 tales
1151 1718 1215 1773 deos
1224 1720 1328 1776 irritare
1341 1727 1524 1792 manauerantia,
1535 1743 1612 1796 quam
1623 1730 1727 1800 placare
1739 1732 1860 1798 lanaria:

1075 1817 1102 1864 et
1124 1824 1171 1865 cos
1194 1811 1331 1868 honestate
1351 1816 1430 1870 etiam
1453 1816 1487 1872 ad
1514 1819 1665 1876 inimicitius
1695 1838 1858 1893 prouocare,

1073 1915 1153 1971 quam
1167 1911 1238 1957 tanta
1259 1902 1428 1962 deformitate
1450 1909 1544 1966 lenire.
1563 1911 1653 1982 Neque
1667 1914 1738 1968 enirn
1752 1917 1860 1986 grauius

1074 1989 1177 2049 irrumat
1197 1997 1341 2065 quamlibet
1363 1998 1544 2058 crudelissima
1566 2004 1730 2063 immanitate
1744 2010 1857 2065 :sanitari

1073 2081 1209 2152 immines,
1224 2096 1331 2157 propter
1343 2103 1410 2159 quos
1429 2091 1611 2161 placabantur,
1624 2111 1703 2167 qnam
1725 2099 1859 2156 nocebant

1072 2178 1133 2247 ipsi,
1143 2192 1203 2235 eum
1216 2178 1359 2236 vitiositate
1372 2181 1518 2240 ioedissima
1530 2186 1719 2256 placarentur:
1735 2191 1856 2260 quando·

1070 2269 1177 2338 quidem
1199 2277 1229 2325 ut
1246 2280 1410 2328 averteretur
1422 2274 1493 2345 quud
1511 2276 1677 2334 metuebatur
1690 2279 1725 2335 ab
1739 2279 1816 2336 iroste
1830 2282 1848 2337 ir

1070 2358 1245 2428 corporibus,
1262 2375 1296 2417 co
1308 2363 1389 2418 modo
1408 2364 1444 2420 dii
1465 2367 1682 2435 conciliabantur,
1703 2386 1758 2441 qao
1772 2373 1854 2433 rictru-

1068 2448 1247 2507 ‹iebcllaretnr
1260 2451 1287 2508 in
1302 2454 1455 2522 mentibus:
1469 2457 1513 2527 qui
1526 2473 1579 2513 non
1593 2471 1791 2531 opponerentur
1804 2465 1840 2521 de

1068 2537 1189 2596 ienscres
1200 2544 1426 2614 oppugnatoribus
1439 2549 1585 2617 moenium,
1606 2552 1656 2607 nisi
1672 2553 1745 2622 prius
1757 2552 1843 2610 lieren

1067 2642 1262 2700 qurrrgnatores
1280 2649 1383 2691 moram
1404 2637 1544 2695 bunorrtm.
1564 2640 1638 2698 Hanc
1658 2643 1748 2699 attam
1764 2648 1844 2701 nannai

1066 2732 1129 2772 narn
1154 2720 1327 2788 placationem
1351 2727 1605 2797 petulantissimam,
1625 2732 1850 2806 impurissimam,

1066 2808 1340 2880 impudentissimam,
1365 2819 1568 2889 nequissimam,
1589 2821 1849 2896 immundissimam,

1064 2899 1139 2966 carias
1160 2909 1265 2957 actores
1284 2903 1413 2959 laudanda
1426 2907 1553 2964 bantana:
1566 2910 1673 2968 rirtatis
1686 2912 1789 2970 indoles
1801 2914 1845 2971 tm

1065 3002 1129 3044 aare
1143 2989 1266 3059 privarit,
1281 2993 1350 3049 tribu
1362 2997 1459 3060 morit,
1470 3000 1575 3068 agitant
1588 3010 1692 3070 turpes,
1706 3000 1768 3059 iecit
1779 3004 1848 3060 inia-

1062 3093 1137 3146 mes3
1154 3080 1236 3150 hanc,
1254 3083 1377 3156 inquam,
1397 3090 1563 3158 pudertdam,
1585 3108 1707 3163 ueraque
1726 3095 1847 3167 religion

1062 3173 1238 3229 aversandam
1252 3184 1281 3232 et
1299 3176 1480 3235 detestandam
1496 3189 1585 3237 talarno
1600 3188 1736 3242 numinum
1754 3189 1847 3259 plac·-

1062 3268 1179 3331 tronem,
1192 3264 1241 3321 bas
1254 3268 1355 3324 tabariae
1367 3270 1394 3325 in
1407 3269 1473 3326 deos
1487 3272 1655 3330 illecebrosas
1668 3285 1747 3337 stoue
1755 3280 1847 3335 crinsi-

1060 3367 1156 3414 nnsas,
1178 3355 1235 3412 buc
1253 3357 1427 3428 ignominiosa
1441 3361 1550 3418 deorum
1571 3363 1638 3419 iacta
1653 3380 1694 3421 vet
1714 3380 1846 3425 numerate

1061 3445 1211 3517 tupiterque
1234 3451 1421 3518 ocmmtsss¹,
1444 3453 1487 3508 rei
1513 3454 1667 3511 sceleratius
1691 3457 1844 3528 tarpittsque

1058 3533 1189 3602 coniicit,
1203 3539 1286 3594 oculis
1298 3549 1325 3595 ct
1334 3541 1441 3597 auribus
1456 3543 1567 3612 publicis
1579 3545 1672 3601 ciritae
1686 3555 1739 3601 tota
1754 3548 1843 3604 disce-

1059 3627 1121 3682 bat:
1138 3628 1195 3686 boec
1208 3634 1352 3689 commissa
1372 3635 1524 3691 numinibus
1543 3636 1648 3707 placere
1661 3640 1801 3705 cernebat:
1813 3649 1843 3698 et

1058 3717 1118 3772 ideo
1132 3735 1184 3776 non
1197 3722 1283 3777 solum
1295 3723 1349 3779 illis
1361 3724 1524 3791 eritibcnda,
1536 3728 1583 3784 sed
1595 3729 1645 3783 sibi
1657 3744 1763 3800 quoqne
1781 3730 1841 3785 imi·

1057 3810 1134 3867 tanda
1146 3812 1272 3868 credebat
1285 3831 1292 3869 ι
1305 3828 1358 3869 non
1371 3814 1434 3871 illud
1448 3819 1538 3873 nescio
1547 3818 1609 3890 qnid
1621 3818 1693 3876 reiut
1702 3819 1801 3876 bonum
1813 3833 1842 3878 et

1056 3899 1213 3967 lrortestum,
1228 3903 1298 3973 quod
1311 3913 1364 3960 tam
1380 3907 1472 3976 paucis
1484 3918 1511 3963 et
1525 3917 1576 3964 tam
1587 3911 1690 3966 occulte
1702 3911 1842 3970 dicebatur

1056 3987 1089 4061 (st
1105 3998 1192 4047 tamea
1207 3993 1367 4066 dicebatur),
1382 4007 1411 4050 nt
1423 3999 1548 4068 magisne
1560 3999 1747 4068 innotesceret,
1759 4021 1839 4075 qnam

1055 4097 1089 4137 ne
1103 4098 1154 4137 non
1167 4085 1258 4151 lieret,
1272 4087 1417 4142 timeretur.

216 4207 288 4263 reat,
301 4214 361 4269 quac
373 4198 443 4270 apud
455 4198 521 4254 deos
531 4198 611 4254 etiam
626 4196 749 4267 religiose
759 4195 909 4261 discerent,
922 4196 1002 4251 iram:
1054 4193 1166 4251 carba
1180 4193 1540 4255 Xlilllll.-Decirrntiane
1549 4201 1838 4274 religionisraluiritate.

217 4289 351 4356 lralrituri,
374 4289 425 4346 nisi
446 4289 526 4345 edam
547 4288 674 4345 exbibere
696 4295 830 4343 cararent.
849 4286 913 4353 Quis
930 4287 1000 4343 enim
1088 4306 1130 4361 qq,
1142 4306 1253 4363 {mmm
1266 4307 1536 4366 immundissimarum
1551 4319 1708 4383 mmmmm
1720 4323 1838 4373 ,ammo

216 4380 284 4437 alias
304 4380 413 4451 spiritns
433 4381 539 4436 occulto
562 4379 687 4436 instinctu
709 4379 882 4449 nequissimas
899 4378 1001 4449 agitans
1051 4393 1115 4465 jugo
1132 4405 1160 4452 02
1180 4397 1308 4454 mrem,
1321 4401 1418 4469 ,Μ
1430 4403 1486 4456 ems
1502 4416 1549 4471 per
1561 4402 1659 4458 cpprsq
1677 4419 1772 4462 nome„
1788 4410 1837 4461 110.

218 4478 340 4535 trientes,
353 4478 382 4525 et
394 4471 476 4527 instat
488 4468 616 4526 iaciendis
630 4469 785 4534 adulteriis,
799 4478 826 4524 et
838 4468 952 4539 praeitur
962 4468 1001 4523 la·
1053 4485 1155 4551 mines,
1177 4496 1204 4542 et
1217 4487 1243 4542 q„
1257 4488 1342 4545 rupem
1358 4491 1539 4548 ,quaenam
1552 4493 1657 4564 „1012qu
1669 4495 1702 4552 21)
1714 4496 1758 4552 qq.
1774 4513 1836 4568 per.

217 4559 286 4624 ctis,
301 4558 353 4614 '¹¹⁸3
367 4560 411 4629 (1¹¹³
426 4560 506 4614 ellim
521 4559 605 4613 ⁸²⁶¹ss
619 4559 716 4614 ¹³¹⁵&ss
727 4558 883 4624 ⁰¹>¹⁶ss¹²¹²⁰b
899 4559 999 4613 0⁰⁰⁸&
1052 4576 1238 4635 niciosissimtc
1261 4579 1403 4653 impietatis
1419 4593 1498 4638 nocte
1517 4583 1669 4649 transferri,
1690 4602 1838 4656 queruntur

217 4657 296 4704 tuerrs
307 4649 333 4702 in
345 4649 451 4719 ternpiis
463 4647 604 4703 siatuiacra
616 4647 776 4713 daemurrttm,
787 4663 880 4704 ainans
893 4649 919 4703 in
931 4649 1000 4705 ludis
1052 4675 1080 4722 ,ι
1093 4678 1261 4726 murmurans
1272 4671 1354 4742 iniqui
1366 4680 1395 4728 at
1408 4674 1519 4743 ingrati,
1530 4683 1557 4731 ct
1571 4675 1616 4730 ilio
1628 4676 1728 4732 ostano
1741 4679 1835 4749 spirito

214 4738 356 4810 sirrruiacra
371 4738 510 4805 sitiormn3
524 4753 664 4793 susurrans
677 4738 702 4792 in
714 4739 819 4794 occultu
830 4738 910 4794 rerba
921 4737 1001 4809 justi·
1051 4756 1131 4814 ,quus
1145 4761 1351 4834 obgprqegusque
1364 4763 1480 4834 possessi
1491 4763 1512 4830 a,
1525 4765 1586 4835 qui,
1599 4766 1689 4836 popu„
1698 4767 1832 4825 conanum

403 4950 405 4954 v
1083 4890 1092 4924 ¹
1107 4891 1336 4957 &nimietatibus
1348 4894 1479 4946 Tmtullius.
1488 4898 1644 4949 manentiam
1655 4906 1708 4949 ltus.
1723 4896 1784 4962 [lert
1801 4915 1836 4954 tte

249 4956 258 4991 ι
275 4959 316 5010 ης,
331 4959 355 5008 q„
368 4961 466 5033 cmg,
476 4959 590 5020 ,gij
602 4957 683 5010 ,qam
691 4956 853 5010 mmmm
860 4996 868 5021 ‚
880 4959 945 5023 quod
954 4959 998 5010 ab.
1050 4954 1279 5066 pusteriurhewtamzn
1296 4957 1413 5036 uocabulo
1424 4959 1447 5006 iu
1458 4959 1734 5032 quil-›usdant'lripartitm
1754 4915 1835 5036 ιιιἭιζ-

214 5025 548 5138 θοι0Ἥἱῃιῗιΰιΐιξιιιὶιιιιιδιιὶιιιὶιιιιι
558 5079 580 5131 ai
591 5080 653 5131 atlas
661 5079 695 5131 iti
704 5086 756 5131 erat
767 5081 844 5144 mador
851 5081 988 5132 carlutium
1050 5018 1837 5154 ΕἱιιῗΐέθξῐιθίἔὲξῑδῗενῗᾷθζθκιξῗὲἓξὶἪῗῖῐέδθὲῃὲΰᾙᾞῡῖἕθῗῖῐξ

1049 5145 1175 5208 asseaaus
1182 5139 1375 5212 emundantes
1384 5153 1391 5189 ε
1401 5148 1428 5188 ut
1438 5141 1553 5212 uidelicet
1564 5150 1707 5203 augustinns
1719 5156 1749 5216 eo
1759 5144 1836 5195 semu

1050 5204 1119 5245 nutet
1128 5212 1223 5247 arranem
1234 5199 1302 5250 'tulin
1314 5199 1413 5261 pbtlosoq
1422 5201 1494 5258 bram,
1507 5215 1561 5265 quea
1576 5215 1590 5252 a
1605 5213 1654 5254 mm
1664 5204 1745 5254 stultas
1755 5213 1782 5255 et
1798 5218 1836 5255 sa·

213 5150 261 5251 faa
276 5139 389 5202 lrannmtu,
403 5151 450 5192 etc.
460 5145 624 5215 assumantur
636 5156 649 5192 a
661 5144 835 5205 nranuscriptis.
847 5169 878 5179 —
888 5144 943 5193 cal.
952 5116 998 5194 tuti

285 5203 590 5253 utrt‘.tteaed.1nanuscr1
608 5211 635 5254 u.
667 5211 696 5254 tt.

257 5262 284 5326 a)
295 5262 388 5314 spuma
397 5263 512 5324 cmm,
524 5266 547 5313 iq
559 5272 605 5323 est,
621 5264 727 5316 curm,
737 5262 846 5314 coeqoeqs
860 5263 914 5314 ,ιω
925 5264 999 5325 pirgi.
1050 5254 1149 5319 milegis
1160 5262 1281 5310 erroribus
1291 5275 1339 5311 uon
1348 5274 1404 5311 enarr
1416 5260 1536 5313 liberauit.

213 5322 259 5379 ula.
271 5324 340 5396 cujus
351 5331 404 5374 erat
411 5325 474 5386 apud
490 5327 556 5375 at'ros
568 5334 594 5376 ct
603 5327 804 5389 tnrtbaginenses
845 5338 885 5373 am
895 5327 997 5374 maxima
1082 5320 1092 5348 '
1108 5322 1144 5369 sic
1155 5321 1178 5369 ln
1190 5327 1284 5392 iisset
1299 5323 1323 5371 iu
1335 5324 1432 5393 excusis
1448 5323 1494 5374 boc
1513 5323 1572 5384 loeo,
1584 5322 1685 5389 amictu
1697 5338 1707 5376 .·
1719 5333 1745 5377 et
1754 5324 1835 5376 altem

212 5383 407 5436 ostentamus
424 5398 454 5434 ca
470 5387 519 5457 msa
537 5398 622 5448 snpra,
634 5400 687 5449 cap.
699 5388 724 5447 t,
736 5388 775 5435 ubi
793 5387 815 5435 ri
832 5394 938 5436 enatam
950 5387 996 5446 (b).
1049 5377 1103 5428 1000
1113 5391 1175 5451 taust,
1184 5391 1338 5454 turmasque,
1351 5391 1453 5446 positum
1463 5393 1523 5443 erat,
1534 5385 1667 5458 conarrissq.
1677 5386 1770 5437 -tnd
1778 5388 1833 5446 tuti,

213 5453 308 5497 anatra
324 5446 397 5510 igitar
413 5458 495 5508 opens
512 5446 584 5509 bajas
605 5449 769 5509 interpretes,
781 5448 822 5509 qui
839 5446 878 5496 laic
899 5459 997 5506 nomeu,
1048 5441 1102 5492 itoec
1120 5455 1274 5505 :gamanam
1291 5443 1391 5496 deormn
1411 5447 1447 5497 uel
1464 5446 1578 5499 mcicratc
1593 5455 1741 5512 turpiterque
1760 5451 1833 5512 aaut,

205 5507 329 5568 ,cautim
339 5519 459 5571 accepere
469 5507 586 5558 bacternts
596 5523 640 5570 pru
650 5511 768 5558 manarant
780 5517 806 5558 et
814 5507 940 5570 adiectiru,
953 5508 998 5557 ob·
1049 5496 1094 5557 trel.
1106 5511 1154 5577 etc.
1186 5513 1214 5554 tt.

212 5572 364 5620 sersattoaes
375 5569 400 5618 ln
411 5568 585 5631 subsequentia
596 5573 669 5618 verba
680 5569 872 5631 conscrnsemat
881 5570 913 5618 dc
925 5568 997 5619 darm
1080 5561 1091 5592 ⁸
1107 5566 1175 5624 ffltii·
1186 5566 1310 5628 maeret:
1326 5565 1526 5621 dissentientibus
1537 5569 1711 5632 uunttserlrtis·

211 5627 268 5678 deas
286 5629 355 5689 ludis,
374 5629 407 5679 de
418 5631 531 5692 ipsiusac
548 5636 626 5679 testa
637 5630 786 5694 aliorumque
808 5629 908 5679 duorum
919 5628 996 5679 iesus.
1080 5628 1107 5689 (a
1135 5637 1184 5678 act.
1200 5629 1364 5677 (linternem.

213 5691 405 5742 maurimtem
416 5689 522 5740 :noran
530 5689 600 5740 deam
612 5691 673 5741 baud
683 5691 758 5741 dultin
768 5691 867 5753 resarcit
876 5690 899 5740 td
910 5696 994 5742 ιοιιιιιι.
1081 5689 1107 5748 ib
1137 5697 1175 5739 ta·
1197 5687 1502 5754 =n·r·tttnm,csp.&
