3900 6390
55 301 107 358 tm
720 290 822 348 umen
841 288 1003 358 oumrus
1622 300 1674 359 m

55 431 87 470 es
105 414 158 469 sito
177 421 248 484 prete
268 411 426 482 ddendereru
449 407 550 481 (iliadis
575 413 605 475 T,
620 422 685 463 uers.
699 405 732 461 bi
751 389 836 477 epp),
894 403 1061 474 introduceret
1073 404 1107 460 de
1120 405 1291 476 religionibus
1304 407 1670 480 numinenumine,

54 504 99 559 ssd
118 504 228 559 memet
244 519 301 556 eurr
314 501 412 557 Tueris
429 507 472 555 aut
490 514 547 554 eurr
554 496 702 568 Gigantibus
715 512 762 553 stre
782 511 842 566 pro·
893 509 954 564 nura
971 511 1024 550 ron
1040 495 1120 550 tttodo
1133 498 1212 566 strigo
1225 499 1294 554 scire
1308 514 1361 554 nott
1374 500 1410 555 sit
1420 501 1494 564 utile,
1508 503 1555 558 sed
1568 502 1670 571 etiam,

55 593 114 666 pris
127 592 194 649 bello
207 601 345 664 pamm.
362 584 611 646 lleeetdicrbttttret
625 585 760 643 erednmm
776 585 840 641 rut-
894 585 997 639 tametsi
1010 585 1071 639 laisa
1085 596 1157 651 sunt,
1176 589 1252 643 aliter
1270 590 1424 647 existimare
1445 591 1573 665 populum
1591 608 1672 664 expe·

55 685 164 747 tissime,
188 693 211 737 et
237 683 311 753 plenu
332 690 390 737 tant
414 681 531 737 rannus
559 693 710 747 inmaturae
738 676 844 733 lectitatis
893 675 965 742 dist,
978 685 1007 732 et
1017 676 1078 732 ideo
1088 676 1197 735 Graecos
1210 679 1301 734 laicus
1313 695 1344 736 ae
1358 682 1483 752 mysteria
1495 685 1674 741 taciturnitate

55 773 120 846 Cup.
132 772 195 846 28).
213 772 282 829 Eece
306 771 412 832 iuterim
432 785 492 843 quae
508 769 666 826 martenam
682 767 727 839 qui
752 765 843 822 delen·
895 766 1091 837 parietibusque
1117 768 1256 825 chatsisse.
1279 769 1327 825 llio
1339 784 1412 827 certe
1436 782 1519 828 totum
1534 776 1673 831 consiliunt

56 864 200 921 duntdeos
211 861 347 918 Gentium.
371 860 545 917 Deindecum
564 858 665 913 beced
678 857 843 930 superstitio·
894 855 1093 924 prodiditrelul
1106 859 1675 936 sapientium,perquusciritatesetpopuli
1701 833 1711 899 i

57 968 119 1010 nem
131 953 265 1023 pertinere
282 951 370 1016 dicat,
390 949 423 1005 ad
442 949 595 1021 religionem
606 963 686 1014 tero,
708 961 768 1018 que
786 945 844 1015 ipse
895 954 1059 1016 egerentur.
1084 947 1139 1003 llac
1151 956 1238 1004 taraco
1255 949 1357 1005 ithacia
1370 952 1445 1007 urit-ia
1466 954 1552 1009 nodis
1566 956 1674 1024 maligni

57 1044 204 1102 soeundum
224 1043 328 1099 Stoicos
341 1043 445 1099 uidetur
458 1041 554 1098 docere
575 1057 582 1093 s
607 1040 669 1095 Non
684 1040 749 1094 enim
761 1037 844 1109 pbilo—
894 1036 1030 1095 demones
1047 1039 1226 1107 delectantur,
1239 1042 1283 1111 qui
1297 1049 1324 1096 el
1338 1041 1492 1112 deceptores
1505 1054 1532 1099 ct
1550 1045 1676 1116 decernes

57 1135 132 1206 sopiti
142 1136 242 1202 solum,
255 1132 340 1205 inquit
351 1176 360 1202 ,
370 1149 455 1188 unum
465 1133 539 1187 etium
552 1132 660 1202 maiorer
673 1129 752 1185 nostri
761 1145 845 1200 super·
894 1128 993 1197 paruo
1007 1129 1156 1198 possident,
1171 1145 1187 1184 a
1200 1144 1312 1200 quorum
1323 1131 1502 1189 dominatione
1515 1148 1567 1188 non
1583 1135 1678 1191 liberat

58 1227 183 1282 stitionem
195 1242 211 1279 u
222 1225 343 1297 reiigione
351 1233 528 1295 seperaverunt
541 1225 561 1276 i.
577 1221 646 1277 liert
659 1221 703 1292 rut
714 1230 777 1275 totos
791 1220 844 1274 dier
894 1219 944 1276 nisi
952 1220 1035 1290 gratia
1044 1220 1089 1275 hei
1100 1220 1244 1290 perbesum
1253 1221 1386 1278 Cbristum
1396 1223 1536 1281 bantinum
1545 1234 1675 1281 nostrum.

27 1312 30 1317 ’
59 1316 241 1387 precabamur,
257 1313 356 1386 iuquit,
369 1324 393 1369 et
413 1314 595 1379 imnrotnlrurrl,
611 1321 639 1365 ut
654 1311 701 1364 ribi
715 1310 756 1365 sni
774 1309 845 1364 utet
930 1307 957 1365 ἲ.
973 1309 1039 1365 Dicit
1052 1311 1130 1365 etiarn
1143 1310 1213 1366 idem
1227 1320 1318 1366 auctor
1340 1312 1507 1368 acutissimus
1526 1321 1605 1383 atque
1628 1313 1677 1369 do·

59 1406 204 1476 superstites
216 1413 297 1459 ceretu
309 1448 317 1471 ‚
330 1403 494 1473 superstitiosi
505 1413 563 1457 suut
574 1401 695 1471 appellati
706 1399 785 1472 (Vide
797 1398 846 1454 ha·
895 1399 1039 1466 etimitnus,
1062 1401 1132 1471 qnod
1146 1401 1173 1456 hi
1188 1401 1238 1455 suli
1252 1402 1277 1456 ei
1293 1401 1433 1456 videantur
1456 1403 1678 1460 attinentur—ussa

59 1498 191 1564 etantiurrr,
205 1497 285 1563 bet,
300 1512 357 1565 cop.
370 1494 417 1564 28)
433 1513 439 1547 ε
453 1495 511 1564 quis
525 1508 575 1547 non
589 1491 717 1563 intelligat
729 1506 789 1547 enm
799 1505 846 1546 eo·
895 1490 957 1560 qrtid
971 1502 1043 1547 esset
1054 1493 1187 1562 licus,qni
1207 1493 1378 1549 crediderunt
1398 1509 1459 1550 entn
1480 1510 1540 1551 esse
1560 1497 1677 1550 animam

60 1588 134 1650 stari,
147 1585 210 1641 dunt
225 1583 441 1641 consuetudinem
454 1584 566 1639 civitatis
579 1585 669 1647 timet,
692 1580 844 1651 religionem
896 1591 967 1636 motu
982 1597 1013 1636 ac
1026 1584 1127 1639 ratione
1140 1583 1266 1637 mundum
1290 1584 1479 1653 gubernantem
1492 1586 1543 1654 (u).
1566 1586 1605 1640 de
1628 1601 1678 1656 per

61 1675 171 1732 undam
191 1675 338 1744 maiorum,
353 1688 464 1744 eamque
482 1689 497 1728 a
521 1673 706 1745 superstitione
716 1672 783 1727 telle
801 1686 844 1727 se·
896 1672 957 1738 hoc,
971 1674 1022 1728 etsi
1035 1673 1151 1728 nondum
1165 1674 1272 1730 tenebat
1293 1675 1364 1746 quod
1378 1676 1476 1732 veritas
1489 1679 1589 1741 ltahet;
1605 1678 1674 1733 heus

60 1765 187 1837 inungere,
210 1765 257 1821 sed
275 1764 409 1836 quomodo
432 1764 459 1821 id
481 1763 565 1835 possit
584 1777 637 1819 non
658 1761 794 1819 inueniret
817 1762 845 1817 Si
897 1762 1071 1826 onimrerus,
1092 1777 1145 1818 nun
1159 1764 1258 1828 anima,
1273 1765 1425 1820 sedauitnae
1437 1782 1543 1836 quoqne
1560 1768 1678 1823 estalla-

61 1859 134 1914 enim
147 1873 162 1912 a
174 1857 319 1928 majoribus
333 1856 370 1912 illi
383 1866 445 1911 sunt
454 1855 577 1927 appellati
590 1852 781 1924 superstitiosi,
800 1852 846 1922 qui
896 1864 953 1911 ator
965 1864 992 1909 et
1004 1854 1125 1911 eonditor
1140 1874 1147 1911 ι
1164 1865 1251 1911 tamen
1263 1857 1286 1912 si
1298 1868 1389 1912 contra
1405 1859 1554 1927 prejudicio
1564 1874 1685 1914 consue·

62 1957 134 2004 totus
150 1947 208 2005 dies
227 1947 400 2020 precabantur
420 1956 448 2003 et
466 1945 657 2011 immolabant,
675 1943 800 2015 numquid
819 1952 848 2000 et
897 1945 993 2000 tudinis
1008 1946 1074 2000 lihcr
1092 1962 1152 2002 csse
1165 1959 1264 2017 posset,
1280 1963 1360 2007 unum
1376 1949 1616 2007 heumeolendnm
1637 1950 1678 2006 la·

64 2037 101 2096 liii
111 2039 133 2106 ¹,
146 2037 192 2110 (llll
203 2037 370 2095 instituerunt
384 2037 464 2109 (quod
478 2038 528 2092 isle
542 2033 722 2106 reperuerunt
735 2034 846 2090 deorum
898 2047 996 2094 teretur
1007 2045 1087 2107 alque
1100 2039 1233 2104 suaderet,
1249 2050 1321 2096 ntotc
1332 2055 1364 2096 ac
1374 2042 1475 2096 ratione
1488 2043 1614 2099 rttttndurn
1630 2059 1679 2115 gu·

63 2133 207 2189 simulacra
223 2131 327 2188 diversa
349 2141 427 2186 mtate
447 2139 474 2186 et
487 2139 561 2185 reste
577 2129 719 2194 distincta,
737 2125 845 2183 deorum

63 2240 180 2297 genera,
193 2223 330 2294 conjugia,
344 2222 533 2294 cognationes?
542 2221 604 2276 lure
616 2220 704 2288 uttrrne
714 2233 775 2274 eunt
789 2225 848 2272 tan·

63 2331 144 2387 quarn
158 2315 341 2386 superstitiosa
356 2315 504 2382 culpantur,
518 2311 634 2381 implicat
646 2310 694 2364 ista
706 2308 781 2378 culpa
791 2321 848 2361 tna·

62 2409 135 2480 iores
142 2407 234 2463 talitrm
244 2407 445 2463 simulacrorum
456 2405 620 2461 institutores
629 2415 706 2475 atque
717 2401 846 2458 cultores:

65 2497 183 2569 implicat
201 2505 229 2553 et
243 2497 346 2566 ipsum,
361 2498 405 2568 qui
421 2494 584 2566 quantolibet
605 2494 710 2564 cloquio
729 2507 759 2548 se
771 2491 798 2546 io
813 2490 848 2546 li·

65 2591 195 2648 lsntaletn
217 2589 317 2644 ttitatur
328 2589 468 2655 evolvere,
483 2602 592 2644 necesse
612 2585 725 2642 habehat
739 2585 788 2639 ista
801 2598 848 2639 ce·

66 2681 169 2748 aeraria
182 2695 233 2737 nec
244 2679 314 2751 quod
325 2681 351 2734 in
364 2679 414 2733 ltae
426 2679 601 2749 disputatione
610 2678 723 2732 tlisertus
733 2675 847 2740 insonat,

66 2773 164 2828 mutire
181 2769 290 2826 auderet
309 2769 336 2824 itt
355 2769 444 2840 populi
464 2769 602 2824 concione.
626 2769 740 2836 Agamus
762 2764 850 2834 itaque

65 2860 211 2918 Christiani
234 2860 411 2915 homiuoheo
425 2866 516 2914 nostro
536 2857 647 2929 gratias,
670 2870 721 2910 noo
731 2854 804 2910 leu
821 2860 850 2911 et

66 2953 176 3020 l'errar;
192 2951 259 3008 sicut
271 2953 320 3006 iste
333 2951 466 3021 disputat,
487 2948 534 3005 sed
549 2949 573 3005 ci
588 2949 631 3019 qni
642 2949 703 3003 lecit
714 2947 809 3003 coelnnt
823 2954 851 3003 et

67 3053 184 3111 terram;
200 3043 244 3115 qui
260 3044 306 3096 ltas
317 3042 537 3112 superstitiones,
551 3054 615 3110 quas
627 3040 675 3094 iste
687 3039 783 3094 llalhns
795 3039 852 3092 rel-

67 3145 95 3192 ut
109 3134 258 3192 balbutiens
268 3133 313 3188 tir
333 3129 522 3202 reprehendit,
536 3145 583 3201 per
604 3129 757 3184 altissimam
772 3129 850 3183 Chri·

67 3228 101 3282 sti
127 3226 322 3289 humilitatem,
342 3239 389 3294 per
414 3223 600 3294 Apostolorum
622 3221 850 3292 predicationem,

67 3332 117 3388 per
130 3316 211 3374 udam
220 3323 366 3389 martyrum
378 3328 428 3386 pro
441 3314 549 3369 veritate
562 3313 730 3368 morientium
751 3322 852 3368 etcum

67 3408 182 3465 reritste
192 3408 336 3464 nicentium
348 3446 356 3472 ,
369 3422 421 3461 non
432 3405 517 3462 solum
526 3405 552 3459 itt
572 3404 696 3459 cordibus
712 3405 851 3475 religiosis,

68 3515 162 3556 rernm
181 3499 261 3555 etiam
283 3499 310 3554 itt
324 3498 424 3553 edibus
436 3494 629 3567 superstitiosis
647 3495 730 3550 libera
744 3508 853 3550 suorum

68 3595 347 3656 serrimtesuhtertit.

69 3705 184 3766 CAPUT
215 3704 312 3761 llxxl.
335 3734 372 3746 -
404 3704 442 3759 lle
469 3701 627 3774 opinionibus
651 3699 788 3764 Varronis,
811 3698 855 3769 qui

104 3795 241 3870 reprobatu
256 3796 419 3867 persuasione
430 3792 557 3865 populari,
566 3793 621 3845 iicet
630 3791 663 3845 ud
675 3791 790 3844 notitiam
803 3790 856 3845 ueri

108 3890 158 3948 uer·
169 3906 220 3945 nun
232 3889 380 3961 peruenerit,
391 3903 468 3941 unum
481 3894 566 3939 touren
578 3883 650 3937 deum
665 3882 795 3936 colendum
803 3897 856 3936 erre

104 3980 240 4037 molt.

108 4114 136 4170 l.
151 4111 220 4181 util
234 4111 292 4182 ipse
307 4108 391 4164 Varro
400 4148 410 4175 ,
420 4122 498 4178 qttem
521 4105 642 4162 dolemus
656 4105 683 4160 in
695 4103 775 4161 rebus
789 4103 856 4159 diti·

72 4205 118 4265 nis
134 4204 214 4260 moos
222 4201 353 4266 scenicos,
368 4198 488 4269 quamtis
505 4211 560 4253 nort
568 4196 669 4267 indicio
680 4196 796 4266 proprio,
809 4208 857 4264 po·

72 4298 180 4362 wisse,
201 4303 261 4350 eum
276 4293 309 4348 ad
327 4291 391 4347 deos
402 4288 529 4346 colendos
542 4288 635 4344 inultis
648 4287 713 4342 locis
724 4286 798 4340 relnt
810 4300 856 4342 re·

75 4391 187 4459 liglosus
198 4387 330 4449 bunnar,
347 4397 436 4438 noane
453 4384 490 4436 lta
515 4380 675 4445 conlltetnr,
696 4392 749 4432 noo
763 4392 793 4433 se
812 4377 857 4432 illa

72 4478 174 4551 'prrlldo
184 4491 234 4532 suo
242 4475 327 4545 sequi,
338 4488 398 4543 quae
409 4471 541 4527 civitatem
550 4469 698 4524 Romanam
712 4466 858 4522 instituisse

74 4576 278 4633 omnmemorat,
289 4575 319 4621 nt
333 4566 355 4620 si
370 4579 429 4619 eam
446 4562 579 4618 civitatem
600 4574 696 4615 notam
713 4560 858 4615 constitne-

75 4672 127 4732 ret,
140 4677 175 4719 ox
188 4670 289 4716 nature
301 4659 387 4729 potius
397 4655 509 4712 lormula
523 4652 588 4709 deos
598 4651 756 4721 nominaque
765 4664 859 4706 eorum

77 4767 106 4809 se
126 4752 209 4807 luisse
220 4749 401 4806 dedicaturum
412 4760 467 4801 nou
479 4743 581 4800 dubitet
594 4741 792 4798 confiterilsed
804 4742 859 4811 jam

78 4844 202 4917 ιῃιιοιιὶιιιι
216 4843 244 4897 itt
262 4849 353 4896 retere
366 4837 465 4910 populu
485 4843 578 4901 esset,
601 4843 733 4903 acceptam
748 4833 781 4886 ab
791 4833 860 4887 anti-

79 4937 137 5008 cptis
151 4934 289 4991 nominum
307 4941 333 4986 et
342 4928 528 5000 cognominum
544 4925 682 4981 historiam
695 4933 807 4989 tenere,
830 4929 861 4978 ut

80 5019 176 5082 tradita
196 5031 261 5091 est,
286 5021 384 5077 debere
404 5034 434 5075 se
455 5018 528 5082 dicit,
546 5014 622 5072 ‘etad
641 5029 702 5070 eum
722 5013 800 5069 linem
816 5011 861 5068 iha

81 5118 199 5172 aethere
215 5129 249 5168 se
272 5111 443 5184 perscrutari,
459 5119 488 5164 ut
500 5107 587 5179 potins
601 5120 647 5161 eos
660 5105 744 5175 magis
753 5102 860 5167 colera,

82 5224 160 5279 uuam
173 5207 310 5276 despicere
333 5203 426 5274 vulgus
449 5201 522 5258 velit.
546 5199 648 5267 Quibus
670 5195 758 5253 verbis
781 5194 862 5252 homo

83 5300 255 5359 xudssimus
267 5300 331 5353 saus
348 5295 455 5362 tuden,
468 5309 523 5352 nou
534 5306 564 5348 se
575 5290 679 5361 aperire
693 5285 792 5354 omnia,
803 5261 863 5356 quie

84 5407 136 5447 trun
157 5390 207 5445 sibi
233 5397 332 5442 tantum
355 5387 515 5453 contemptui
531 5393 630 5446 essent,
645 5380 787 5436 sedetiam
813 5377 862 5448 ipsi

85 5485 160 5556 rnlgu
173 5478 342 5551 despicienda
365 5476 540 5537 riderentur,
566 5474 616 5528 nisi
636 5480 794 5527 tacerentur.
808 5469 864 5540 Ego

86 5575 133 5632 isa
143 5571 288 5644 'conjicere
300 5568 386 5640 putari
409 5566 506 5634 debui,
528 5565 579 5621 nisi
589 5564 725 5620 evidenter
739 5562 790 5621 alio
804 5562 864 5621 loeo

103 5689 124 5721 -¹
140 5684 436 5747 salsamentum.
499 5683 529 5727 u.

114 5747 350 5817 ⁸‚solsttuluutura
367 5735 630 5803 ummudttoretilit

58 5882 63 5893 .
161 5812 166 5821 ’
222 5832 335 5894 Sacer.
357 5827 497 5890 bracar.
519 5818 593 5886 vlt

897 2130 1052 2186 mennatem
1065 2147 1072 2183 :
1085 2138 1115 2186 ut
1126 2146 1158 2187 ea
1176 2146 1237 2187 eum
1252 2131 1344 2189 illude
1366 2135 1415 2188 ttae
1431 2148 1461 2189 ro
1473 2137 1584 2203 questio
1595 2150 1681 2191 renta-

898 2229 986 2284 neret,
1000 2220 1071 2291 quod
1083 2237 1143 2276 cnm
1156 2222 1257 2278 diceret
1269 2237 1329 2278 esse
1341 2224 1467 2294 animam,
1484 2240 1537 2281 non
1554 2227 1642 2296 potins
1653 2237 1682 2284 ct

898 2315 993 2372 curua
1007 2316 1015 2348 ¹
1028 2325 1186 2373 creatorem.
1211 2317 1280 2373 uicit
1298 2318 1378 2374 ctiam
1399 2320 1522 2390 antiquos
1544 2319 1682 2376 Romanos

898 2407 959 2477 plus
970 2422 1055 2463 annos
1065 2418 1171 2464 eentum
1182 2416 1209 2463 ot
1216 2411 1379 2479 septuaginta
1390 2409 1455 2464 deos
1468 2411 1526 2466 sine
1539 2411 1682 2465 ntunlaero

899 2499 1013 2555 coluisse
1031 2499 1079 2571 (b).
1096 2518 1106 2551 ι
1121 2501 1196 2568 Quod
1217 2501 1238 2556 si
1261 2502 1357 2568 edituo,
1372 2520 1382 2553 t
1399 2502 1493 2573 inquit,
1507 2523 1516 2555 ι
1531 2503 1680 2569 mansisset,

903 2606 913 2639 ι
930 2591 1028 2643 castius
1048 2588 1086 2644 dii
1099 2589 1311 2646 observarentur.
1330 2610 1340 2644 t
1356 2590 1403 2647 Cni
1422 2594 1558 2648 sententie
1570 2609 1624 2649 sum
1640 2603 1680 2650 le·

900 2691 968 2737 stem
982 2680 1090 2737 adhibet
1113 2682 1183 2738 inter
1207 2691 1302 2738 caetera
1329 2685 1407 2738 etiarn
1422 2694 1526 2755 gentem
1539 2684 1657 2741 induant
1675 2704 1683 2740 ε

899 2769 1133 2826 uecdnltittteum
1146 2770 1233 2828 iocum
1252 2772 1287 2827 itt
1310 2773 1481 2839 concludere,
1492 2782 1521 2828 nt
1533 2773 1620 2841 dicat,
1637 2776 1685 2845 qui

900 2861 980 2931 primi
992 2861 1132 2917 simulacra
1154 2862 1262 2919 deornm
1278 2866 1381 2935 pupulis
1394 2877 1550 2937 posuerunt,
1563 2882 1609 2923 eos
1621 2869 1686 2924 eici·

901 2953 999 3009 rabbus
1012 2954 1067 3009 suis
1080 2965 1107 3010 et
1128 2965 1228 3010 metum
1242 2957 1404 3026 dempsisse,
1424 2969 1452 3013 et
1474 2975 1592 3015 errorent
1607 2960 1686 3016 atili·

902 3045 993 3113 disse3
1018 3046 1163 3115 prudenter
1186 3047 1341 3108 eristintans
1367 3048 1431 3105 deos
1451 3049 1527 3105 laeile
1555 3050 1684 3120 possein

901 3135 1102 3190 simulacrorum
1124 3135 1268 3191 stoliditate
1285 3137 1427 3192 contemni.
1448 3137 1524 3204 Quod
1545 3155 1609 3196 tero
1630 3154 1685 3196 nort

902 3226 949 3293 ait,
963 3224 1088 3282 hermem
1105 3224 1269 3281 tradiderunt
1281 3240 1288 3290 ;
1302 3225 1360 3292 scd,
1375 3227 1550 3295 addiderttnt;
1564 3230 1617 3298 iant
1632 3232 1685 3286 uti·

902 3332 953 3385 que
967 3316 1048 3372 luisse
1066 3317 1146 3372 ctiam
1161 3315 1219 3371 sine
1245 3316 1394 3373 simulacris
1409 3318 1519 3389 intelligi
1536 3321 1594 3375 ruit
1612 3336 1686 3375 erro·

903 3420 970 3460 rent.
985 3405 1151 3474 erapropter
1162 3419 1222 3468 cum
1237 3406 1308 3461 solos
1320 3405 1385 3462 dicit
1397 3407 1613 3465 arttmaotertlsse
1623 3410 1687 3480 qttid

904 3506 975 3551 esset
989 3497 1068 3562 heus,
1084 3497 1128 3566 qui
1143 3510 1203 3551 eum
1214 3480 1355 3552 crederent
1365 3498 1480 3553 animam
1497 3500 1624 3556 mnndum
1635 3517 1685 3572 gu·

904 3587 1072 3651 beroautem,
1087 3588 1237 3658 castiusque
1247 3587 1382 3643 existimat
1395 3588 1453 3644 sine
1464 3589 1615 3647 simulacris
1637 3592 1687 3648 oh·

905 3675 1006 3732 serrari
1028 3676 1194 3748 religionem,
1214 3677 1274 3747 quis
1300 3693 1352 3732 uon
1378 3678 1466 3735 videat
1480 3689 1607 3750 quantum
1622 3698 1686 3750 pru·

905 3769 1072 3838 pinquanerit
1084 3769 1206 3825 ceritati?
1219 3769 1246 3824 Si
1259 3770 1331 3825 enim
1345 3770 1443 3840 aliquid
1462 3781 1554 3827 contra
1568 3782 1686 3829 vetusta-

907 3865 961 3912 tem
977 3857 1042 3912 tanti
1053 3865 1143 3926 posset
1154 3857 1266 3924 erroris,
1292 3859 1411 3928 prolecto
1424 3869 1451 3914 ct
1465 3876 1544 3915 ortum
1560 3861 1654 3929 llenin,
1672 3877 1688 3917 n

906 3965 959 4019 quo
983 3949 1109 4006 muudum
1130 3949 1252 4007 erederet
1266 3951 1417 4020 gubernari,
1431 3962 1459 4007 et
1472 3952 1530 4008 sine
1542 3952 1687 4010 simulacro

906 4041 1046 4096 colendum
1060 4057 1120 4097 esse
1135 4051 1272 4108 censeret;
1297 4052 1376 4112 atnoe
1400 4043 1426 4098 itt
1443 4053 1495 4097 tant
1508 4045 1629 4114 proximo
1647 4047 1688 4102 in·

907 4144 1000 4202 tentus
1010 4132 1086 4188 facile
1099 4133 1209 4191 tortasse
1221 4134 1255 4190 de
1269 4136 1364 4191 animas
1378 4136 1552 4193 mutabilitate
1566 4154 1687 4197 cumtuo-

907 4235 1025 4291 neretnr,
1043 4236 1072 4280 ut
1090 4234 1211 4281 naturam
1239 4227 1329 4296 potins
1353 4228 1607 4296 incommutabilem,
1629 4248 1704 4302 qttae=

908 4316 991 4388 ipsam
1002 4330 1106 4388 quoque
1119 4318 1232 4372 animam
1243 4315 1415 4387 condidisset,
1432 4319 1513 4376 licum
1528 4337 1618 4377 verum
1632 4338 1693 4380 esse

908 4409 1027 4466 sentiret.
1043 4409 1106 4464 liccc
1120 4422 1180 4463 curn
1194 4409 1229 4463 ita
1249 4409 1312 4476 sint,
1326 4424 1500 4480 qumcnmquc
1515 4414 1580 4467 tales
1596 4415 1644 4468 viri
1664 4416 1691 4469 in
1750 4404 1752 4406 ’

909 4499 964 4555 stris
983 4498 1078 4553 litteris
1096 4496 1240 4553 multorum
1263 4496 1373 4553 deorum
1392 4499 1504 4556 ludibria
1525 4513 1689 4573 posuerunt,

908 4589 1028 4645 conliteri
1050 4602 1081 4644 ea
1101 4588 1189 4659 potins
1211 4588 1312 4642 occulta
1337 4590 1384 4644 liei
1407 4590 1543 4646 vuluntate
1561 4594 1691 4662 compulsi

909 4689 980 4744 sunt,
995 4693 1073 4749 quam
1088 4677 1248 4748 persuadere
1260 4679 1357 4732 conati.
1374 4677 1401 4735 Si
1417 4692 1466 4750 ipra
1490 4680 1598 4750 igitnra
1614 4683 1692 4738 nohis

911 4770 971 4825 inde
985 4769 1135 4823 testimonia
1160 4768 1347 4838 prosecuntur,
1362 4769 1395 4823 ad
1425 4786 1471 4824 eos
1494 4771 1692 4841 redarguendos

909 4861 1088 4934 proteruntur,
1100 4860 1143 4930 qui
1161 4859 1255 4914 nolunt
1264 4859 1407 4916 advertere
1420 4859 1453 4914 de
1465 4871 1560 4928 ‹prranta
1573 4872 1600 4916 ct
1612 4877 1692 4932 qttartr

910 4953 1025 5021 maligna
1048 4950 1199 5006 demonum
1224 4956 1355 5020 potestate
1377 4964 1425 5004 nos
1449 4949 1544 5005 lilteret
1560 4953 1693 5021 sittgnlare

912 5043 1070 5098 sacrificum
1086 5054 1139 5096 tam
1151 5055 1216 5096 sane
1230 5041 1237 5095 i
1257 5035 1396 5110 'sanguinis
1413 5040 1465 5095 lusi
1481 5050 1508 5095 et
1525 5041 1623 5097 drtotntt
1635 5044 1696 5113 Spi-

912 5134 978 5188 ritus
997 5131 1134 5203 impertili.

944 5246 953 5316 ¹.
970 5249 1007 5292 er.
1027 5250 1053 5294 et
1067 5251 1133 5304 lor,
1148 5254 1195 5294 nott
1213 5240 1291 5306 polius
1307 5238 1403 5291 ammte.
1420 5239 1519 5292 esteris
1535 5241 1560 5291 iu
1579 5238 1656 5306 libris,
1675 5249 1699 5298 et

913 5317 1025 5422 meme
1036 5365 1221 5428 quillusticero,
1232 5362 1264 5412 de
1275 5369 1360 5419 ustura
1371 5361 1482 5422 deorum,
1493 5361 1536 5415 lib.
1549 5364 1571 5426 l,
1583 5377 1635 5428 cap.
1650 5365 1674 5416 2.

946 5428 970 5499 (b
994 5426 1131 5497 Plutarchus
1141 5426 1165 5473 in
1185 5424 1282 5496 historia
1293 5431 1382 5496 u'umae,
1400 5437 1453 5497 cart.
1465 5424 1488 5484 8,
1512 5427 1594 5476 serthit
1605 5428 1636 5476 ah
1647 5429 1698 5489 ipso

914 5494 1142 5561 retitumltomants,
1154 5498 1186 5556 rte
1196 5493 1364 5558 eststttnarent
1375 5498 1502 5548 tmagtuern
1510 5492 1559 5545 het,
1573 5497 1615 5559 aut
1624 5488 1700 5561 ltutttl·

915 5545 1702 5670 turcetiltlhlttltetllbtiltbtnlhtthtlh

915 5673 1047 5794 gesem
1055 5681 1180 5731 merorum
1189 5669 1286 5732 ellipsis
1296 5623 1578 5721 euthicetemtmter
1586 5669 1646 5720 tlitt.
1659 5671 1706 5727 hu.

948 5769 956 5795 ,
1011 5765 1017 5780 .
1043 5764 1050 5779 .

1371 5812 1500 5896 (Cim)
1561 5848 1570 5863 ·
