<?xml version="1.0" encoding="UTF-8"?>
<!DOCTYPE html PUBLIC "-//W3C//DTD XHTML 1.0 Transitional//EN"
    "http://www.w3.org/TR/xhtml1/DTD/xhtml1-transitional.dtd">
<html xmlns="http://www.w3.org/1999/xhtml" xml:lang="en" lang="en">
 <head>
  <title>
</title>
<meta http-equiv="Content-Type" content="text/html;charset=utf-8" />
  <meta name='ocr-system' content='tesseract 3.04.00' />
  <meta name='ocr-capabilities' content='ocr_page ocr_carea ocr_par ocr_line ocrx_word'/>
</head>
<body>
  <div class='ocr_page' id='page_1' title='image "./sanctiaureliiau04augugoog_0442.png"; bbox 0 0 3900 6390; ppageno 0'>
   <div class='ocr_carea' id='block_1_1' title="bbox 291 291 340 349">
    <p class='ocr_par' dir='ltr' id='par_1_1' title="bbox 291 291 340 349">
     <span class='ocr_line' id='line_1_1' title="bbox 291 291 340 349; baseline 0.02 -1"><span class='ocrx_word' id='word_1_1' title='bbox 291 291 340 349; x_wconf 72' lang='lat'>85!</span> 
     </span>
    </p>
   </div>
   <div class='ocr_carea' id='block_1_2' title="bbox 249 405 1071 4387">
    <p class='ocr_par' dir='ltr' id='par_1_2' title="bbox 249 405 1071 4387">
     <span class='ocr_line' id='line_1_2' title="bbox 291 405 1069 485; baseline -0.014 -15"><span class='ocrx_word' id='word_1_2' title='bbox 291 416 364 471; x_wconf 90' lang='lat' dir='ltr'>tisset</span> <span class='ocrx_word' id='word_1_3' title='bbox 378 425 460 485; x_wconf 84' lang='lat' dir='ltr'>grata.</span> <span class='ocrx_word' id='word_1_4' title='bbox 480 416 549 470; x_wconf 83' lang='lat' dir='ltr'>Ecce</span> <span class='ocrx_word' id='word_1_5' title='bbox 564 430 675 476; x_wconf 84' lang='lat' dir='ltr'>nonique</span> <span class='ocrx_word' id='word_1_6' title='bbox 689 415 772 467; x_wconf 89' lang='lat' dir='ltr'>altero</span> <span class='ocrx_word' id='word_1_7' title='bbox 785 409 837 476; x_wconf 93' lang='lat' dir='ltr'>die,</span> <span class='ocrx_word' id='word_1_8' title='bbox 858 417 1015 476; x_wconf 72' lang='lat' dir='ltr'>procurante</span> <span class='ocrx_word' id='word_1_9' title='bbox 1027 405 1069 460; x_wconf 90' lang='lat' dir='ltr'>iii·</span> 
     </span>
     <span class='ocr_line' id='line_1_3' title="bbox 291 483 1070 557; baseline -0.008 -23"><span class='ocrx_word' id='word_1_10' title='bbox 291 485 349 540; x_wconf 89' lang='lat' dir='ltr'>vina</span> <span class='ocrx_word' id='word_1_11' title='bbox 362 485 568 553; x_wconf 73' lang='lat' dir='ltr'>dispensatione,</span> <span class='ocrx_word' id='word_1_12' title='bbox 584 485 689 552; x_wconf 90' lang='lat' dir='ltr'>qiridain</span> <span class='ocrx_word' id='word_1_13' title='bbox 706 483 851 551; x_wconf 90' lang='lat' dir='ltr'>negotiator</span> <span class='ocrx_word' id='word_1_14' title='bbox 868 493 1001 550; x_wconf 88' lang='lat' dir='ltr'>nunquam</span> <span class='ocrx_word' id='word_1_15' title='bbox 1024 489 1070 557; x_wconf 73' lang='lat' dir='ltr'>tio·</span> 
     </span>
     <span class='ocr_line' id='line_1_4' title="bbox 265 554 1070 627; baseline -0.012 -20"><span class='ocrx_word' id='word_1_16' title='bbox 265 558 267 564; x_wconf 83' lang='grc'><em>’</em></span> <span class='ocrx_word' id='word_1_17' title='bbox 289 567 349 607; x_wconf 80' lang='lat' dir='ltr'>stne</span> <span class='ocrx_word' id='word_1_18' title='bbox 362 556 482 622; x_wconf 80' lang='lat' dir='ltr'>cognitas</span> <span class='ocrx_word' id='word_1_19' title='bbox 497 555 606 619; x_wconf 85' lang='lat' dir='ltr'>regioni.</span> <span class='ocrx_word' id='word_1_20' title='bbox 626 554 816 607; x_wconf 73' lang='lat' dir='ltr'>subdiaconum</span> <span class='ocrx_word' id='word_1_21' title='bbox 829 558 948 604; x_wconf 88' lang='lat' dir='ltr'>nostrum</span> <span class='ocrx_word' id='word_1_22' title='bbox 963 559 1070 627; x_wconf 82' lang='lat' dir='ltr'>nomine</span> 
     </span>
     <span class='ocr_line' id='line_1_5' title="bbox 255 613 1071 690; baseline -0.013 -11"><span class='ocrx_word' id='word_1_23' title='bbox 255 613 262 690; x_wconf 61' lang='lat' dir='ltr'>f</span> <span class='ocrx_word' id='word_1_24' title='bbox 289 624 442 678; x_wconf 73' lang='lat' dir='ltr'><strong>sennodum</strong></span> <span class='ocrx_word' id='word_1_25' title='bbox 457 625 481 677; x_wconf 92' lang='lat' dir='ltr'>in</span> <span class='ocrx_word' id='word_1_26' title='bbox 497 623 556 678; x_wconf 87' lang='lat' dir='ltr'>luco</span> <span class='ocrx_word' id='word_1_27' title='bbox 569 622 794 677; x_wconf 85' lang='lat' dir='ltr'>bleinlilotiiiano¹</span> <span class='ocrx_word' id='word_1_28' title='bbox 809 621 878 673; x_wconf 88' lang='lat' dir='ltr'>uitro</span> <span class='ocrx_word' id='word_1_29' title='bbox 889 625 1029 674; x_wconf 84' lang='lat' dir='ltr'>convenit.</span> <span class='ocrx_word' id='word_1_30' title='bbox 1044 623 1071 669; x_wconf 88' lang='lat' dir='ltr'>et</span> 
     </span>
     <span class='ocr_line' id='line_1_6' title="bbox 289 685 1069 768; baseline -0.009 -24"><span class='ocrx_word' id='word_1_31' title='bbox 289 694 321 746; x_wconf 89' lang='lat' dir='ltr'>aii</span> <span class='ocrx_word' id='word_1_32' title='bbox 342 708 370 747; x_wconf 88' lang='lat' dir='ltr'>se</span> <span class='ocrx_word' id='word_1_33' title='bbox 389 695 506 757; x_wconf 80' lang='lat' dir='ltr'>rorant,</span> <span class='ocrx_word' id='word_1_34' title='bbox 522 703 546 747; x_wconf 89' lang='lat' dir='ltr'>et</span> <span class='ocrx_word' id='word_1_35' title='bbox 566 693 685 756; x_wconf 81' lang='lat' dir='ltr'>quisnam</span> <span class='ocrx_word' id='word_1_36' title='bbox 701 693 740 745; x_wconf 87' lang='lat' dir='ltr'>rel</span> <span class='ocrx_word' id='word_1_37' title='bbox 761 689 831 745; x_wconf 93' lang='lat' dir='ltr'>unde</span> <span class='ocrx_word' id='word_1_38' title='bbox 846 697 916 743; x_wconf 87' lang='lat' dir='ltr'>esset</span> <span class='ocrx_word' id='word_1_39' title='bbox 929 686 963 738; x_wconf 91' lang='lat' dir='ltr'>ab</span> <span class='ocrx_word' id='word_1_40' title='bbox 976 685 1069 768; x_wconf 76' lang='lat' dir='ltr'>eodem</span> 
     </span>
     <span class='ocr_line' id='line_1_7' title="bbox 289 754 1070 838; baseline -0.012 -23"><span class='ocrx_word' id='word_1_41' title='bbox 289 763 423 828; x_wconf 83' lang='lat' dir='ltr'>llapitaiit.</span> <span class='ocrx_word' id='word_1_42' title='bbox 438 763 487 830; x_wconf 79' lang='lat' dir='ltr'>Qui</span> <span class='ocrx_word' id='word_1_43' title='bbox 501 762 544 816; x_wconf 88' lang='lat' dir='ltr'>ulti</span> <span class='ocrx_word' id='word_1_44' title='bbox 555 779 583 816; x_wconf 88' lang='lat' dir='ltr'>se</span> <span class='ocrx_word' id='word_1_45' title='bbox 596 762 785 816; x_wconf 81' lang='lat' dir='ltr'>subdiaconum</span> <span class='ocrx_word' id='word_1_46' title='bbox 798 758 932 814; x_wconf 84' lang='lat' dir='ltr'>Uzaleasis</span> <span class='ocrx_word' id='word_1_47' title='bbox 946 754 1070 838; x_wconf 71' lang='lat' dir='ltr'>Ecclesia</span> 
     </span>
     <span class='ocr_line' id='line_1_8' title="bbox 290 826 1070 905; baseline -0.01 -20"><span class='ocrx_word' id='word_1_48' title='bbox 290 842 451 886; x_wconf 90' lang='lat' dir='ltr'>memoratus</span> <span class='ocrx_word' id='word_1_49' title='bbox 465 842 522 897; x_wconf 92' lang='lat' dir='ltr'>est,</span> <span class='ocrx_word' id='word_1_50' title='bbox 537 831 672 899; x_wconf 90' lang='lat' dir='ltr'>respondit</span> <span class='ocrx_word' id='word_1_51' title='bbox 686 831 811 885; x_wconf 89' lang='lat' dir='ltr'>ciratinuo</span> <span class='ocrx_word' id='word_1_52' title='bbox 824 829 892 882; x_wconf 86' lang='lat' dir='ltr'>idem</span> <span class='ocrx_word' id='word_1_53' title='bbox 908 826 952 881; x_wconf 86' lang='lat' dir='ltr'>iiie</span> <span class='ocrx_word' id='word_1_54' title='bbox 966 834 1070 905; x_wconf 77' lang='lat' dir='ltr'>ignotas</span> 
     </span>
     <span class='ocr_line' id='line_1_9' title="bbox 290 898 1069 975; baseline -0.008 -23"><span class='ocrx_word' id='word_1_55' title='bbox 290 901 369 956; x_wconf 90' lang='lat' dir='ltr'>iionro</span> <span class='ocrx_word' id='word_1_56' title='bbox 391 902 401 972; x_wconf 90' lang='grc'><strong>(</strong></span> <span class='ocrx_word' id='word_1_57' title='bbox 410 902 431 955; x_wconf 88' lang='lat' dir='ltr'>si</span> <span class='ocrx_word' id='word_1_58' title='bbox 453 910 542 956; x_wconf 89' lang='lat' dir='ltr'>tamen</span> <span class='ocrx_word' id='word_1_59' title='bbox 557 901 642 955; x_wconf 90' lang='lat' dir='ltr'>soiiini</span> <span class='ocrx_word' id='word_1_60' title='bbox 659 901 737 954; x_wconf 94' lang='lat' dir='ltr'>bomo</span> <span class='ocrx_word' id='word_1_61' title='bbox 749 916 756 952; x_wconf 78' lang='grc' dir='ltr'><em>τ</em></span> <span class='ocrx_word' id='word_1_62' title='bbox 770 898 929 953; x_wconf 88' lang='lat' dir='ltr'>credendam</span> <span class='ocrx_word' id='word_1_63' title='bbox 944 905 985 950; x_wconf 90' lang='lat' dir='ltr'>est</span> <span class='ocrx_word' id='word_1_64' title='bbox 999 909 1069 975; x_wconf 82' lang='lat' dir='ltr'>enini</span> 
     </span>
     <span class='ocr_line' id='line_1_10' title="bbox 249 965 1069 1047; baseline -0.009 -25"><span class='ocrx_word' id='word_1_65' title='bbox 249 1004 254 1040; x_wconf 46' lang='grc' dir='ltr'>ι</span> <span class='ocrx_word' id='word_1_66' title='bbox 289 973 349 1040; x_wconf 90' lang='lat' dir='ltr'>quia</span> <span class='ocrx_word' id='word_1_67' title='bbox 365 972 474 1040; x_wconf 80' lang='lat' dir='ltr'>angelus</span> <span class='ocrx_word' id='word_1_68' title='bbox 486 982 514 1025; x_wconf 93' lang='lat' dir='ltr'>et</span> <span class='ocrx_word' id='word_1_69' title='bbox 526 970 619 1031; x_wconf 83' lang='lat' dir='ltr'>bomo;</span> <span class='ocrx_word' id='word_1_70' title='bbox 631 971 793 1038; x_wconf 89' lang='lat' dir='ltr'>nequeenim</span> <span class='ocrx_word' id='word_1_71' title='bbox 808 968 858 1023; x_wconf 91' lang='lat' dir='ltr'>lioc</span> <span class='ocrx_word' id='word_1_72' title='bbox 870 968 909 1022; x_wconf 92' lang='lat' dir='ltr'>vel</span> <span class='ocrx_word' id='word_1_73' title='bbox 925 965 1069 1047; x_wconf 81' lang='lat' dir='ltr'>inauditnm</span> 
     </span>
     <span class='ocr_line' id='line_1_11' title="bbox 249 1037 1070 1116; baseline -0.009 -23"><span class='ocrx_word' id='word_1_74' title='bbox 249 1067 255 1090; x_wconf 90' lang='lat'>.·</span> <span class='ocrx_word' id='word_1_75' title='bbox 290 1049 369 1109; x_wconf 89' lang='lat' dir='ltr'>atque</span> <span class='ocrx_word' id='word_1_76' title='bbox 391 1041 556 1110; x_wconf 87' lang='lat' dir='ltr'>inexpertum</span> <span class='ocrx_word' id='word_1_77' title='bbox 578 1050 635 1105; x_wconf 89' lang='lat' dir='ltr'>est,</span> <span class='ocrx_word' id='word_1_78' title='bbox 649 1041 705 1093; x_wconf 88' lang='lat' dir='ltr'>sive</span> <span class='ocrx_word' id='word_1_79' title='bbox 717 1038 837 1108; x_wconf 83' lang='lat' dir='ltr'>religioni</span> <span class='ocrx_word' id='word_1_80' title='bbox 851 1037 1002 1116; x_wconf 71' lang='lat' dir='ltr'>christianae</span> <span class='ocrx_word' id='word_1_81' title='bbox 1014 1047 1070 1088; x_wconf 89' lang='lat' dir='ltr'>sive</span> 
     </span>
     <span class='ocr_line' id='line_1_12' title="bbox 291 1104 1070 1178; baseline -0.008 -15"><span class='ocrx_word' id='word_1_82' title='bbox 291 1110 392 1163; x_wconf 77' lang='lat' dir='ltr'>notitiae</span> <span class='ocrx_word' id='word_1_83' title='bbox 406 1112 543 1173; x_wconf 81' lang='lat' dir='ltr'>bumana,</span> <span class='ocrx_word' id='word_1_84' title='bbox 554 1118 660 1164; x_wconf 89' lang='lat' dir='ltr'>sanctas</span> <span class='ocrx_word' id='word_1_85' title='bbox 672 1108 787 1178; x_wconf 85' lang='lat' dir='ltr'>dagelas</span> <span class='ocrx_word' id='word_1_86' title='bbox 807 1117 913 1162; x_wconf 89' lang='lat' dir='ltr'>terreno</span> <span class='ocrx_word' id='word_1_87' title='bbox 932 1104 1022 1158; x_wconf 91' lang='lat' dir='ltr'>babitu</span> <span class='ocrx_word' id='word_1_88' title='bbox 1043 1111 1070 1158; x_wconf 92' lang='lat' dir='ltr'>et</span> 
     </span>
     <span class='ocr_line' id='line_1_13' title="bbox 290 1172 1070 1258; baseline -0.006 -26"><span class='ocrx_word' id='word_1_89' title='bbox 290 1180 387 1234; x_wconf 84' lang='lat' dir='ltr'>risibili</span> <span class='ocrx_word' id='word_1_90' title='bbox 401 1181 490 1251; x_wconf 90' lang='lat' dir='ltr'>speeie</span> <span class='ocrx_word' id='word_1_91' title='bbox 502 1181 656 1250; x_wconf 89' lang='lat' dir='ltr'>plerumque</span> <span class='ocrx_word' id='word_1_92' title='bbox 675 1178 824 1233; x_wconf 87' lang='lat' dir='ltr'>biiniiuibiis</span> <span class='ocrx_word' id='word_1_93' title='bbox 837 1172 1011 1258; x_wconf 70' lang='lat' dir='ltr'>apparuisse).</span> <span class='ocrx_word' id='word_1_94' title='bbox 1025 1173 1070 1227; x_wconf 79' lang='lat' dir='ltr'>lle</span> 
     </span>
     <span class='ocr_line' id='line_1_14' title="bbox 293 1247 1069 1325; baseline -0.01 -21"><span class='ocrx_word' id='word_1_95' title='bbox 293 1249 333 1304; x_wconf 90' lang='lat' dir='ltr'>dit</span> <span class='ocrx_word' id='word_1_96' title='bbox 349 1265 413 1318; x_wconf 82' lang='lat' dir='ltr'>erga</span> <span class='ocrx_word' id='word_1_97' title='bbox 431 1250 592 1306; x_wconf 86' lang='lat' dir='ltr'>subdiacone</span> <span class='ocrx_word' id='word_1_98' title='bbox 607 1257 752 1303; x_wconf 89' lang='lat' dir='ltr'>memorata</span> <span class='ocrx_word' id='word_1_99' title='bbox 764 1247 851 1301; x_wconf 93' lang='lat' dir='ltr'>vebini</span> <span class='ocrx_word' id='word_1_100' title='bbox 870 1260 949 1305; x_wconf 82' lang='lat' dir='ltr'>variis</span> <span class='ocrx_word' id='word_1_101' title='bbox 970 1252 1069 1325; x_wconf 83' lang='lat' dir='ltr'>pictum</span> 
     </span>
     <span class='ocr_line' id='line_1_15' title="bbox 292 1313 1069 1389; baseline -0.005 -18"><span class='ocrx_word' id='word_1_102' title='bbox 292 1319 436 1384; x_wconf 89' lang='lat' dir='ltr'>caloribus,</span> <span class='ocrx_word' id='word_1_103' title='bbox 450 1321 475 1374; x_wconf 93' lang='lat' dir='ltr'>in</span> <span class='ocrx_word' id='word_1_104' title='bbox 490 1335 543 1389; x_wconf 92' lang='lat' dir='ltr'>quo</span> <span class='ocrx_word' id='word_1_105' title='bbox 557 1319 643 1374; x_wconf 91' lang='lat' dir='ltr'>inerat</span> <span class='ocrx_word' id='word_1_106' title='bbox 655 1319 755 1387; x_wconf 79' lang='lat' dir='ltr'><strong>pictura</strong></span> <span class='ocrx_word' id='word_1_107' title='bbox 771 1317 845 1370; x_wconf 63' lang='lat' dir='ltr'>baec:</span> <span class='ocrx_word' id='word_1_108' title='bbox 860 1316 886 1369; x_wconf 91' lang='lat' dir='ltr'>iii</span> <span class='ocrx_word' id='word_1_109' title='bbox 899 1315 1005 1368; x_wconf 79' lang='lat' dir='ltr'>dextera</span> <span class='ocrx_word' id='word_1_110' title='bbox 1019 1313 1069 1367; x_wconf 89' lang='lat' dir='ltr'>veli</span> 
     </span>
     <span class='ocr_line' id='line_1_16' title="bbox 295 1382 1071 1466; baseline -0.006 -24"><span class='ocrx_word' id='word_1_111' title='bbox 295 1399 368 1456; x_wconf 90' lang='lat' dir='ltr'>parte</span> <span class='ocrx_word' id='word_1_112' title='bbox 383 1389 439 1458; x_wconf 87' lang='lat' dir='ltr'>ipse</span> <span class='ocrx_word' id='word_1_113' title='bbox 452 1400 558 1444; x_wconf 88' lang='lat' dir='ltr'>sanctus</span> <span class='ocrx_word' id='word_1_114' title='bbox 571 1388 719 1459; x_wconf 88' lang='lat' dir='ltr'>Stepbanns</span> <span class='ocrx_word' id='word_1_115' title='bbox 728 1387 864 1441; x_wconf 88' lang='lat' dir='ltr'>videbator</span> <span class='ocrx_word' id='word_1_116' title='bbox 873 1391 1007 1466; x_wconf 39' lang='lat' dir='ltr'>astare,&#39;et</span> <span class='ocrx_word' id='word_1_117' title='bbox 1018 1382 1071 1451; x_wconf 90' lang='lat' dir='ltr'>glo·</span> 
     </span>
     <span class='ocr_line' id='line_1_17' title="bbox 291 1453 1067 1528; baseline -0.005 -17"><span class='ocrx_word' id='word_1_118' title='bbox 291 1460 388 1513; x_wconf 89' lang='lat' dir='ltr'>riosam</span> <span class='ocrx_word' id='word_1_119' title='bbox 403 1474 510 1514; x_wconf 88' lang='lat' dir='ltr'>crucem</span> <span class='ocrx_word' id='word_1_120' title='bbox 523 1461 635 1528; x_wconf 88' lang='lat' dir='ltr'>propriis</span> <span class='ocrx_word' id='word_1_121' title='bbox 651 1459 791 1525; x_wconf 76' lang='lat' dir='ltr'><strong>repositam</strong></span> <span class='ocrx_word' id='word_1_122' title='bbox 806 1455 923 1510; x_wconf 89' lang='lat' dir='ltr'>humeris</span> <span class='ocrx_word' id='word_1_123' title='bbox 935 1453 1067 1520; x_wconf 82' lang='lat' dir='ltr'>bapiiare,</span> 
     </span>
     <span class='ocr_line' id='line_1_18' title="bbox 290 1524 1068 1596; baseline -0.008 -16"><span class='ocrx_word' id='word_1_124' title='bbox 290 1544 342 1590; x_wconf 87' lang='lat' dir='ltr'>nna</span> <span class='ocrx_word' id='word_1_125' title='bbox 352 1529 438 1583; x_wconf 88' lang='lat' dir='ltr'>crucis</span> <span class='ocrx_word' id='word_1_126' title='bbox 449 1529 556 1594; x_wconf 86' lang='lat' dir='ltr'>cuspide</span> <span class='ocrx_word' id='word_1_127' title='bbox 568 1540 669 1596; x_wconf 89' lang='lat' dir='ltr'>portam</span> <span class='ocrx_word' id='word_1_128' title='bbox 682 1528 794 1582; x_wconf 82' lang='lat' dir='ltr'>civitatis</span> <span class='ocrx_word' id='word_1_129' title='bbox 807 1525 944 1580; x_wconf 89' lang='lat' dir='ltr'>videbatur</span> <span class='ocrx_word' id='word_1_130' title='bbox 954 1524 1068 1590; x_wconf 89' lang='lat' dir='ltr'>pulsare,</span> 
     </span>
     <span class='ocr_line' id='line_1_19' title="bbox 291 1593 1067 1680; baseline -0.006 -30"><span class='ocrx_word' id='word_1_131' title='bbox 291 1612 322 1650; x_wconf 89' lang='lat' dir='ltr'>eii</span> <span class='ocrx_word' id='word_1_132' title='bbox 334 1613 384 1680; x_wconf 89' lang='lat' dir='ltr'>qua</span> <span class='ocrx_word' id='word_1_133' title='bbox 399 1598 551 1663; x_wconf 77' lang='lat' dir='ltr'>profugiens</span> <span class='ocrx_word' id='word_1_134' title='bbox 563 1599 643 1652; x_wconf 92' lang='lat' dir='ltr'>draco</span> <span class='ocrx_word' id='word_1_135' title='bbox 655 1597 805 1651; x_wconf 90' lang='lat' dir='ltr'>teterrimus</span> <span class='ocrx_word' id='word_1_136' title='bbox 816 1594 973 1650; x_wconf 74' lang='lat' dir='ltr'>cernebatur</span> <span class='ocrx_word' id='word_1_137' title='bbox 985 1593 1067 1655; x_wconf 83' lang='lat' dir='ltr'>exire,</span> 
     </span>
     <span class='ocr_line' id='line_1_20' title="bbox 291 1664 1070 1744; baseline -0.006 -25"><span class='ocrx_word' id='word_1_138' title='bbox 291 1670 384 1721; x_wconf 76' lang='lat' dir='ltr'>Amico</span> <span class='ocrx_word' id='word_1_139' title='bbox 398 1668 443 1722; x_wconf 85' lang='lat' dir='ltr'>Dei</span> <span class='ocrx_word' id='word_1_140' title='bbox 459 1668 579 1723; x_wconf 88' lang='lat' dir='ltr'>videlicet</span> <span class='ocrx_word' id='word_1_141' title='bbox 597 1667 765 1722; x_wconf 90' lang='lat' dir='ltr'>adventante.</span> <span class='ocrx_word' id='word_1_142' title='bbox 779 1666 873 1720; x_wconf 86' lang='lat' dir='ltr'>l&#39;erum</span> <span class='ocrx_word' id='word_1_143' title='bbox 896 1664 1070 1744; x_wconf 32' lang='lat' dir='ltr'>iile-serpens·</span> 
     </span>
     <span class='ocr_line' id='line_1_21' title="bbox 291 1731 1069 1807; baseline -0.006 -18"><span class='ocrx_word' id='word_1_144' title='bbox 291 1738 385 1790; x_wconf 85' lang='lat' dir='ltr'>noxius</span> <span class='ocrx_word' id='word_1_145' title='bbox 398 1753 448 1791; x_wconf 88' lang='lat' dir='ltr'>ricc</span> <span class='ocrx_word' id='word_1_146' title='bbox 468 1738 494 1792; x_wconf 91' lang='lat' dir='ltr'>iii</span> <span class='ocrx_word' id='word_1_147' title='bbox 515 1740 569 1802; x_wconf 90' lang='lat' dir='ltr'>ipsa</span> <span class='ocrx_word' id='word_1_148' title='bbox 591 1738 648 1807; x_wconf 90' lang='lat' dir='ltr'>luga</span> <span class='ocrx_word' id='word_1_149' title='bbox 672 1736 828 1800; x_wconf 77' lang='lat' dir='ltr'>unissimus,</span> <span class='ocrx_word' id='word_1_150' title='bbox 848 1735 898 1788; x_wconf 91' lang='lat' dir='ltr'>sub</span> <span class='ocrx_word' id='word_1_151' title='bbox 919 1731 1069 1798; x_wconf 88' lang='lat' dir='ltr'>triuiiipliali</span> 
     </span>
     <span class='ocr_line' id='line_1_22' title="bbox 290 1805 1069 1888; baseline -0.004 -29"><span class='ocrx_word' id='word_1_152' title='bbox 290 1805 357 1874; x_wconf 76' lang='lat' dir='ltr'>pede</span> <span class='ocrx_word' id='word_1_153' title='bbox 374 1806 496 1888; x_wconf 68' lang='lat' dir='ltr'>ilartqris</span> <span class='ocrx_word' id='word_1_154' title='bbox 509 1807 606 1862; x_wconf 85' lang='lat' dir='ltr'>Cirristi</span> <span class='ocrx_word' id='word_1_155' title='bbox 619 1807 747 1861; x_wconf 86' lang='lat' dir='ltr'>contritus</span> <span class='ocrx_word' id='word_1_156' title='bbox 760 1805 935 1873; x_wconf 85' lang='lat' dir='ltr'>aspiciebatur</span> <span class='ocrx_word' id='word_1_157' title='bbox 949 1812 974 1856; x_wconf 91' lang='lat' dir='ltr'>et</span> <span class='ocrx_word' id='word_1_158' title='bbox 993 1817 1069 1869; x_wconf 84' lang='lat' dir='ltr'>pres·</span> 
     </span>
     <span class='ocr_line' id='line_1_23' title="bbox 289 1873 1069 1952; baseline -0.004 -25"><span class='ocrx_word' id='word_1_159' title='bbox 289 1891 344 1928; x_wconf 90' lang='lat' dir='ltr'>sus.</span> <span class='ocrx_word' id='word_1_160' title='bbox 358 1876 429 1930; x_wconf 81' lang='lat' dir='ltr'>Talis</span> <span class='ocrx_word' id='word_1_161' title='bbox 444 1886 530 1942; x_wconf 90' lang='lat' dir='ltr'>itaque</span> <span class='ocrx_word' id='word_1_162' title='bbox 544 1877 644 1947; x_wconf 87' lang='lat' dir='ltr'>pictura</span> <span class='ocrx_word' id='word_1_163' title='bbox 656 1877 705 1930; x_wconf 83' lang='lat' dir='ltr'>veli</span> <span class='ocrx_word' id='word_1_164' title='bbox 721 1891 771 1927; x_wconf 89' lang='lat' dir='ltr'>riori</span> <span class='ocrx_word' id='word_1_165' title='bbox 785 1874 893 1928; x_wconf 93' lang='lat' dir='ltr'>omnino</span> <span class='ocrx_word' id='word_1_166' title='bbox 906 1873 1004 1941; x_wconf 90' lang='lat' dir='ltr'>absque</span> <span class='ocrx_word' id='word_1_167' title='bbox 1013 1886 1069 1952; x_wconf 84' lang='lat' dir='ltr'>my·</span> 
     </span>
     <span class='ocr_line' id='line_1_24' title="bbox 290 1942 1071 2023; baseline -0.003 -27"><span class='ocrx_word' id='word_1_168' title='bbox 290 1947 372 1998; x_wconf 86' lang='lat' dir='ltr'>sterio</span> <span class='ocrx_word' id='word_1_169' title='bbox 393 1946 438 2000; x_wconf 85' lang='lat' dir='ltr'>Dei</span> <span class='ocrx_word' id='word_1_170' title='bbox 454 1946 524 2001; x_wconf 90' lang='lat' dir='ltr'>abia</span> <span class='ocrx_word' id='word_1_171' title='bbox 539 1956 682 2001; x_wconf 88' lang='lat' dir='ltr'>memorato</span> <span class='ocrx_word' id='word_1_172' title='bbox 697 1945 856 1999; x_wconf 86' lang='lat' dir='ltr'>subdiacono</span> <span class='ocrx_word' id='word_1_173' title='bbox 874 1942 949 1995; x_wconf 84' lang='lat' dir='ltr'>:illata</span> <span class='ocrx_word' id='word_1_174' title='bbox 963 1952 1071 2023; x_wconf 36' lang='lat' dir='ltr'>&#39;pariter</span> 
     </span>
     <span class='ocr_line' id='line_1_25' title="bbox 290 2013 1070 2092; baseline -0.001 -26"><span class='ocrx_word' id='word_1_175' title='bbox 290 2024 368 2083; x_wconf 91' lang='lat' dir='ltr'>atquc</span> <span class='ocrx_word' id='word_1_176' title='bbox 381 2031 507 2081; x_wconf 84' lang='lat' dir='ltr'>suspensa</span> <span class='ocrx_word' id='word_1_177' title='bbox 521 2026 633 2071; x_wconf 82' lang='lat' dir='ltr'>estante</span> <span class='ocrx_word' id='word_1_178' title='bbox 647 2015 730 2086; x_wconf 90' lang='lat' dir='ltr'>ipsam</span> <span class='ocrx_word' id='word_1_179' title='bbox 745 2013 894 2068; x_wconf 83' lang='lat' dir='ltr'>Memoriam</span> <span class='ocrx_word' id='word_1_180' title='bbox 907 2021 969 2092; x_wconf 84' lang='lat' dir='ltr'>tanti</span> <span class='ocrx_word' id='word_1_181' title='bbox 983 2021 1070 2092; x_wconf 82' lang='lat' dir='ltr'>patro·</span> 
     </span>
     <span class='ocr_line' id='line_1_26' title="bbox 291 2084 1069 2153; baseline -0.001 -17"><span class='ocrx_word' id='word_1_182' title='bbox 291 2085 315 2136; x_wconf 91' lang='lat' dir='ltr'>iri</span> <span class='ocrx_word' id='word_1_183' title='bbox 328 2127 335 2145; x_wconf 84' lang='lat'>,</span> <span class='ocrx_word' id='word_1_184' title='bbox 348 2087 433 2138; x_wconf 91' lang='lat' dir='ltr'>iiiiiiiis</span> <span class='ocrx_word' id='word_1_185' title='bbox 446 2096 510 2140; x_wconf 80' lang='lat' dir='ltr'>atas</span> <span class='ocrx_word' id='word_1_186' title='bbox 522 2087 660 2153; x_wconf 91' lang='lat' dir='ltr'>omnisque</span> <span class='ocrx_word' id='word_1_187' title='bbox 671 2101 750 2139; x_wconf 76' lang='lat' dir='ltr'>sextis</span> <span class='ocrx_word' id='word_1_188' title='bbox 763 2084 857 2137; x_wconf 89' lang='lat' dir='ltr'>iiitiieri</span> <span class='ocrx_word' id='word_1_189' title='bbox 871 2091 898 2137; x_wconf 90' lang='lat' dir='ltr'>et</span> <span class='ocrx_word' id='word_1_190' title='bbox 912 2096 1000 2134; x_wconf 91' lang='lat' dir='ltr'>mirari</span> <span class='ocrx_word' id='word_1_191' title='bbox 1012 2095 1069 2136; x_wconf 86' lang='lat' dir='ltr'>coe-</span> 
     </span>
     <span class='ocr_line' id='line_1_27' title="bbox 289 2152 1070 2232; baseline -0.003 -25"><span class='ocrx_word' id='word_1_192' title='bbox 289 2155 337 2222; x_wconf 91' lang='lat' dir='ltr'>pit,</span> <span class='ocrx_word' id='word_1_193' title='bbox 355 2165 477 2220; x_wconf 88' lang='lat' dir='ltr'>taiiquain</span> <span class='ocrx_word' id='word_1_194' title='bbox 488 2157 665 2223; x_wconf 75' lang='lat' dir='ltr'>spectaculum</span> <span class='ocrx_word' id='word_1_195' title='bbox 676 2155 783 2216; x_wconf 79' lang='lat' dir='ltr'>arande.</span> <span class='ocrx_word' id='word_1_196' title='bbox 793 2168 845 2223; x_wconf 91' lang='lat' dir='ltr'>qao</span> <span class='ocrx_word' id='word_1_197' title='bbox 855 2152 1070 2232; x_wconf 80' lang='lat' dir='ltr'>scilicetauctirre</span> 
     </span>
     <span class='ocr_line' id='line_1_28' title="bbox 289 2221 1070 2296; baseline -0.003 -19"><span class='ocrx_word' id='word_1_198' title='bbox 289 2239 375 2296; x_wconf 68' lang='lat' dir='ltr'>triave</span> <span class='ocrx_word' id='word_1_199' title='bbox 397 2225 537 2280; x_wconf 90' lang='lat' dir='ltr'>liberatore</span> <span class='ocrx_word' id='word_1_200' title='bbox 557 2224 638 2280; x_wconf 89' lang='lat' dir='ltr'>draco</span> <span class='ocrx_word' id='word_1_201' title='bbox 662 2225 705 2279; x_wconf 91' lang='lat' dir='ltr'>ilie</span> <span class='ocrx_word' id='word_1_202' title='bbox 718 2224 862 2278; x_wconf 82' lang='lat' dir='ltr'>eistiiictns</span> <span class='ocrx_word' id='word_1_203' title='bbox 877 2231 916 2276; x_wconf 86' lang='lat' dir='ltr'>est</span> <span class='ocrx_word' id='word_1_204' title='bbox 936 2221 1070 2285; x_wconf 89' lang='lat' dir='ltr'>iicstisqiie</span> 
     </span>
     <span class='ocr_line' id='line_1_29' title="bbox 291 2239 1070 2371; baseline -0.005 -23"><span class='ocrx_word' id='word_1_205' title='bbox 291 2239 419 2349; x_wconf 68' lang='lat' dir='ltr'>deliciis.</span> <span class='ocrx_word' id='word_1_206' title='bbox 443 2295 530 2350; x_wconf 75' lang='lat' dir='ltr'>Gestar</span> <span class='ocrx_word' id='word_1_207' title='bbox 550 2296 646 2365; x_wconf 80' lang='lat' dir='ltr'>qnippe</span> <span class='ocrx_word' id='word_1_208' title='bbox 666 2295 704 2348; x_wconf 92' lang='lat' dir='ltr'>rci</span> <span class='ocrx_word' id='word_1_209' title='bbox 727 2294 803 2347; x_wconf 89' lang='lat' dir='ltr'>iidein</span> <span class='ocrx_word' id='word_1_210' title='bbox 825 2290 996 2360; x_wconf 78' lang='lat' dir='ltr'>precedentis</span> <span class='ocrx_word' id='word_1_211' title='bbox 1017 2289 1070 2371; x_wconf 81' lang='lat' dir='ltr'>diei</span> 
     </span>
     <span class='ocr_line' id='line_1_30' title="bbox 291 2361 1070 2442; baseline 0.001 -29"><span class='ocrx_word' id='word_1_212' title='bbox 291 2365 492 2418; x_wconf 67' lang='lat' dir='ltr'>commendabat</span> <span class='ocrx_word' id='word_1_213' title='bbox 507 2365 532 2418; x_wconf 85' lang='lat' dir='ltr'>iii</span> <span class='ocrx_word' id='word_1_214' title='bbox 547 2366 643 2419; x_wconf 90' lang='lat' dir='ltr'>aniiiiis</span> <span class='ocrx_word' id='word_1_215' title='bbox 657 2363 774 2419; x_wconf 77' lang='lat' dir='ltr'>omnium</span> <span class='ocrx_word' id='word_1_216' title='bbox 788 2361 922 2416; x_wconf 89' lang='lat' dir='ltr'>attestatio</span> <span class='ocrx_word' id='word_1_217' title='bbox 935 2368 1070 2442; x_wconf 84' lang='lat' dir='ltr'>sequentis</span> 
     </span>
     <span class='ocr_line' id='line_1_31' title="bbox 289 2430 1068 2505; baseline -0.008 -18"><span class='ocrx_word' id='word_1_218' title='bbox 289 2433 352 2489; x_wconf 91' lang='lat' dir='ltr'>diei.</span> <span class='ocrx_word' id='word_1_219' title='bbox 363 2434 479 2505; x_wconf 90' lang='lat' dir='ltr'>Naniqiie</span> <span class='ocrx_word' id='word_1_220' title='bbox 488 2434 549 2487; x_wconf 92' lang='lat' dir='ltr'>iiliid</span> <span class='ocrx_word' id='word_1_221' title='bbox 559 2434 629 2503; x_wconf 89' lang='lat' dir='ltr'>quod</span> <span class='ocrx_word' id='word_1_222' title='bbox 640 2433 782 2488; x_wconf 87' lang='lat' dir='ltr'>studiosius</span> <span class='ocrx_word' id='word_1_223' title='bbox 794 2431 952 2486; x_wconf 74' lang='lat' dir='ltr'>sumebatur</span> <span class='ocrx_word' id='word_1_224' title='bbox 963 2446 988 2482; x_wconf 92' lang='lat' dir='ltr'>iii</span> <span class='ocrx_word' id='word_1_225' title='bbox 999 2430 1068 2492; x_wconf 90' lang='lat' dir='ltr'>velo,</span> 
     </span>
     <span class='ocr_line' id='line_1_32' title="bbox 291 2499 1070 2572; baseline -0.006 -14"><span class='ocrx_word' id='word_1_226' title='bbox 291 2503 342 2558; x_wconf 90' lang='lat' dir='ltr'>boe</span> <span class='ocrx_word' id='word_1_227' title='bbox 360 2504 414 2572; x_wconf 88' lang='lat' dir='ltr'>jani</span> <span class='ocrx_word' id='word_1_228' title='bbox 436 2505 586 2561; x_wconf 89' lang='lat' dir='ltr'>credibilius</span> <span class='ocrx_word' id='word_1_229' title='bbox 607 2504 745 2558; x_wconf 88' lang='lat' dir='ltr'>tenebatur</span> <span class='ocrx_word' id='word_1_230' title='bbox 759 2503 785 2556; x_wconf 94' lang='lat' dir='ltr'>ia</span> <span class='ocrx_word' id='word_1_231' title='bbox 800 2515 875 2556; x_wconf 75' lang='lat' dir='ltr'>verm</span> <span class='ocrx_word' id='word_1_232' title='bbox 889 2499 1070 2554; x_wconf 82' lang='lat' dir='ltr'>Concurrebat</span> 
     </span>
     <span class='ocr_line' id='line_1_33' title="bbox 290 2568 1069 2652; baseline -0.01 -24"><span class='ocrx_word' id='word_1_233' title='bbox 290 2575 362 2629; x_wconf 90' lang='lat' dir='ltr'>enim</span> <span class='ocrx_word' id='word_1_234' title='bbox 378 2575 477 2643; x_wconf 90' lang='lat' dir='ltr'>pictura</span> <span class='ocrx_word' id='word_1_235' title='bbox 489 2589 549 2628; x_wconf 92' lang='lat' dir='ltr'>euni</span> <span class='ocrx_word' id='word_1_236' title='bbox 562 2573 662 2643; x_wconf 90' lang='lat' dir='ltr'>gratia,</span> <span class='ocrx_word' id='word_1_237' title='bbox 676 2582 703 2627; x_wconf 91' lang='lat' dir='ltr'>et</span> <span class='ocrx_word' id='word_1_238' title='bbox 716 2583 768 2626; x_wconf 89' lang='lat' dir='ltr'>tam</span> <span class='ocrx_word' id='word_1_239' title='bbox 781 2571 905 2625; x_wconf 90' lang='lat' dir='ltr'>divinitus</span> <span class='ocrx_word' id='word_1_240' title='bbox 919 2568 1004 2639; x_wconf 90' lang='lat' dir='ltr'>pridie</span> <span class='ocrx_word' id='word_1_241' title='bbox 1022 2584 1069 2652; x_wconf 80' lang='lat' dir='ltr'>ge-</span> 
     </span>
     <span class='ocr_line' id='line_1_34' title="bbox 289 2641 1069 2709; baseline -0.004 -11"><span class='ocrx_word' id='word_1_242' title='bbox 289 2653 358 2698; x_wconf 89' lang='lat' dir='ltr'>stum</span> <span class='ocrx_word' id='word_1_243' title='bbox 373 2644 466 2698; x_wconf 90' lang='lat' dir='ltr'>salutis</span> <span class='ocrx_word' id='word_1_244' title='bbox 481 2643 637 2698; x_wconf 88' lang='lat' dir='ltr'>bonellciuui</span> <span class='ocrx_word' id='word_1_245' title='bbox 652 2641 828 2706; x_wconf 76' lang='lat' dir='ltr'>muniebatur,</span> <span class='ocrx_word' id='word_1_246' title='bbox 843 2653 921 2709; x_wconf 91' lang='lat' dir='ltr'>quam</span> <span class='ocrx_word' id='word_1_247' title='bbox 937 2646 1028 2708; x_wconf 86' lang='lat' dir='ltr'>postea</span> <span class='ocrx_word' id='word_1_248' title='bbox 1042 2654 1069 2695; x_wconf 93' lang='lat' dir='ltr'>iii</span> 
     </span>
     <span class='ocr_line' id='line_1_35' title="bbox 289 2710 1071 2783; baseline -0.004 -17"><span class='ocrx_word' id='word_1_249' title='bbox 289 2715 342 2768; x_wconf 82' lang='lat' dir='ltr'>aeli</span> <span class='ocrx_word' id='word_1_250' title='bbox 356 2714 468 2783; x_wconf 78' lang='lat' dir='ltr'>imagine</span> <span class='ocrx_word' id='word_1_251' title='bbox 481 2713 675 2767; x_wconf 81' lang='lat' dir='ltr'>advertebatur.</span> <span class='ocrx_word' id='word_1_252' title='bbox 687 2711 804 2780; x_wconf 83' lang='lat' dir='ltr'>lienique</span> <span class='ocrx_word' id='word_1_253' title='bbox 813 2725 846 2766; x_wconf 84' lang='lat' dir='ltr'>ex</span> <span class='ocrx_word' id='word_1_254' title='bbox 857 2710 912 2782; x_wconf 83' lang='lat' dir='ltr'>ipsa</span> <span class='ocrx_word' id='word_1_255' title='bbox 922 2722 1071 2777; x_wconf 87' lang='lat' dir='ltr'>congruen-</span> 
     </span>
     <span class='ocr_line' id='line_1_36' title="bbox 290 2779 1069 2860; baseline -0.008 -22"><span class='ocrx_word' id='word_1_256' title='bbox 290 2783 326 2839; x_wconf 89' lang='lat' dir='ltr'>tia</span> <span class='ocrx_word' id='word_1_257' title='bbox 340 2784 392 2839; x_wconf 89' lang='lat' dir='ltr'>diei</span> <span class='ocrx_word' id='word_1_258' title='bbox 405 2782 666 2853; x_wconf 72' lang='lat' dir='ltr'>praeerectissima</span> <span class='ocrx_word' id='word_1_259' title='bbox 678 2781 812 2850; x_wconf 87' lang='lat' dir='ltr'>sequentis</span> <span class='ocrx_word' id='word_1_260' title='bbox 826 2779 954 2843; x_wconf 81' lang='lat' dir='ltr'>veritatis,</span> <span class='ocrx_word' id='word_1_261' title='bbox 965 2787 992 2832; x_wconf 88' lang='lat' dir='ltr'>et</span> <span class='ocrx_word' id='word_1_262' title='bbox 1004 2779 1069 2860; x_wconf 74' lang='lat' dir='ltr'>ima·</span> 
     </span>
     <span class='ocr_line' id='line_1_37' title="bbox 289 2849 1068 2932; baseline -0.005 -26"><span class='ocrx_word' id='word_1_263' title='bbox 289 2854 350 2922; x_wconf 91' lang='lat' dir='ltr'>gine</span> <span class='ocrx_word' id='word_1_264' title='bbox 365 2869 452 2908; x_wconf 91' lang='lat' dir='ltr'>rerum</span> <span class='ocrx_word' id='word_1_265' title='bbox 467 2862 494 2907; x_wconf 90' lang='lat' dir='ltr'>et</span> <span class='ocrx_word' id='word_1_266' title='bbox 505 2852 677 2924; x_wconf 88' lang='lat' dir='ltr'>quorumdam</span> <span class='ocrx_word' id='word_1_267' title='bbox 693 2866 768 2907; x_wconf 82' lang='lat' dir='ltr'>exem</span> <span class='ocrx_word' id='word_1_268' title='bbox 788 2849 924 2915; x_wconf 89' lang='lat' dir='ltr'>lariorum,</span> <span class='ocrx_word' id='word_1_269' title='bbox 940 2856 1027 2902; x_wconf 91' lang='lat' dir='ltr'>tantus</span> <span class='ocrx_word' id='word_1_270' title='bbox 1041 2864 1068 2932; x_wconf 70' lang='grc' dir='ltr'>ιιι</span> 
     </span>
     <span class='ocr_line' id='line_1_38' title="bbox 289 2918 1070 2992; baseline -0.006 -15"><span class='ocrx_word' id='word_1_271' title='bbox 289 2921 380 2977; x_wconf 88' lang='lat' dir='ltr'>multis</span> <span class='ocrx_word' id='word_1_272' title='bbox 390 2931 482 2992; x_wconf 90' lang='lat' dir='ltr'>stupor</span> <span class='ocrx_word' id='word_1_273' title='bbox 492 2923 642 2992; x_wconf 88' lang='lat' dir='ltr'>pariterque</span> <span class='ocrx_word' id='word_1_274' title='bbox 651 2936 759 2979; x_wconf 67' lang='lat' dir='ltr'>aniona</span> <span class='ocrx_word' id='word_1_275' title='bbox 807 2919 883 2976; x_wconf 90' lang='lat' dir='ltr'>iratie</span> <span class='ocrx_word' id='word_1_276' title='bbox 892 2927 920 2974; x_wconf 89' lang='lat' dir='ltr'>et</span> <span class='ocrx_word' id='word_1_277' title='bbox 930 2918 1070 2988; x_wconf 90' lang='lat' dir='ltr'>gratulatio</span> 
     </span>
     <span class='ocr_line' id='line_1_39' title="bbox 290 2988 1069 3060; baseline -0.005 -14"><span class='ocrx_word' id='word_1_278' title='bbox 290 2991 493 3060; x_wconf 79' lang='lat' dir='ltr'>accendebatur,</span> <span class='ocrx_word' id='word_1_279' title='bbox 507 3004 536 3047; x_wconf 94' lang='lat' dir='ltr'>ut</span> <span class='ocrx_word' id='word_1_280' title='bbox 547 3008 562 3046; x_wconf 91' lang='lat' dir='ltr'>a</span> <span class='ocrx_word' id='word_1_281' title='bbox 572 2992 674 3047; x_wconf 89' lang='lat' dir='ltr'>cunetis</span> <span class='ocrx_word' id='word_1_282' title='bbox 687 2990 751 3044; x_wconf 90' lang='lat' dir='ltr'>nibil</span> <span class='ocrx_word' id='word_1_283' title='bbox 764 2989 833 3044; x_wconf 92' lang='lat' dir='ltr'>aliud</span> <span class='ocrx_word' id='word_1_284' title='bbox 851 2989 960 3043; x_wconf 91' lang='lat' dir='ltr'>omuino</span> <span class='ocrx_word' id='word_1_285' title='bbox 971 2988 1013 3042; x_wconf 87' lang='lat' dir='ltr'>vei</span> <span class='ocrx_word' id='word_1_286' title='bbox 1027 2988 1069 3043; x_wconf 91' lang='lat' dir='ltr'>di-</span> 
     </span>
     <span class='ocr_line' id='line_1_40' title="bbox 288 3057 1071 3128; baseline -0.006 -10"><span class='ocrx_word' id='word_1_287' title='bbox 288 3072 393 3118; x_wconf 89' lang='lat' dir='ltr'>ceretur</span> <span class='ocrx_word' id='word_1_288' title='bbox 403 3063 444 3118; x_wconf 88' lang='lat' dir='ltr'>vel</span> <span class='ocrx_word' id='word_1_289' title='bbox 456 3062 631 3118; x_wconf 88' lang='lat' dir='ltr'>aiilrmaretar</span> <span class='ocrx_word' id='word_1_290' title='bbox 645 3061 695 3116; x_wconf 91' lang='lat' dir='ltr'>nisi</span> <span class='ocrx_word' id='word_1_291' title='bbox 708 3060 758 3115; x_wconf 89' lang='lat' dir='ltr'>linc</span> <span class='ocrx_word' id='word_1_292' title='bbox 769 3075 861 3125; x_wconf 92' lang='lat' dir='ltr'>uirum,</span> <span class='ocrx_word' id='word_1_293' title='bbox 871 3057 938 3113; x_wconf 82' lang='lat' dir='ltr'>Vere</span> <span class='ocrx_word' id='word_1_294' title='bbox 949 3058 1009 3127; x_wconf 92' lang='lat' dir='ltr'>quia</span> <span class='ocrx_word' id='word_1_295' title='bbox 1022 3072 1071 3128; x_wconf 89' lang='lat' dir='ltr'>per</span> 
     </span>
     <span class='ocr_line' id='line_1_41' title="bbox 289 3129 1070 3191; baseline -0.008 -3"><span class='ocrx_word' id='word_1_296' title='bbox 289 3133 410 3188; x_wconf 81' lang='lat' dir='ltr'>amicum</span> <span class='ocrx_word' id='word_1_297' title='bbox 429 3148 506 3188; x_wconf 91' lang='lat' dir='ltr'>suurn</span> <span class='ocrx_word' id='word_1_298' title='bbox 525 3132 596 3187; x_wconf 85' lang='lat' dir='ltr'>Deus</span> <span class='ocrx_word' id='word_1_299' title='bbox 610 3132 686 3186; x_wconf 90' lang='lat' dir='ltr'>istam</span> <span class='ocrx_word' id='word_1_300' title='bbox 706 3129 855 3185; x_wconf 81' lang='lat' dir='ltr'>liberaverit</span> <span class='ocrx_word' id='word_1_301' title='bbox 869 3129 1000 3183; x_wconf 86' lang='lat' dir='ltr'>civitatem</span> <span class='ocrx_word' id='word_1_302' title='bbox 1018 3169 1025 3191; x_wconf 89' lang='lat'>,</span> <span class='ocrx_word' id='word_1_303' title='bbox 1043 3137 1070 3183; x_wconf 91' lang='lat' dir='ltr'>et</span> 
     </span>
     <span class='ocr_line' id='line_1_42' title="bbox 288 3196 1071 3279; baseline -0.005 -23"><span class='ocrx_word' id='word_1_304' title='bbox 288 3202 416 3272; x_wconf 76' lang='lat' dir='ltr'>grandem</span> <span class='ocrx_word' id='word_1_305' title='bbox 429 3218 444 3256; x_wconf 94' lang='lat' dir='ltr'>a</span> <span class='ocrx_word' id='word_1_306' title='bbox 458 3202 534 3257; x_wconf 92' lang='lat' dir='ltr'>nobis</span> <span class='ocrx_word' id='word_1_307' title='bbox 548 3201 648 3270; x_wconf 87' lang='lat' dir='ltr'>depulit</span> <span class='ocrx_word' id='word_1_308' title='bbox 661 3208 772 3270; x_wconf 88' lang='lat' dir='ltr'>pestem.</span> <span class='ocrx_word' id='word_1_309' title='bbox 797 3199 830 3253; x_wconf 87' lang='lat' dir='ltr'>Et</span> <span class='ocrx_word' id='word_1_310' title='bbox 843 3213 933 3255; x_wconf 82' lang='lat' dir='ltr'>revera</span> <span class='ocrx_word' id='word_1_311' title='bbox 956 3197 1004 3251; x_wconf 82' lang='lat' dir='ltr'>liei</span> <span class='ocrx_word' id='word_1_312' title='bbox 1022 3196 1071 3279; x_wconf 77' lang='lat' dir='ltr'>init</span> 
     </span>
     <span class='ocr_line' id='line_1_43' title="bbox 288 3267 1067 3342; baseline -0.01 -15"><span class='ocrx_word' id='word_1_313' title='bbox 288 3273 322 3328; x_wconf 91' lang='lat' dir='ltr'>ad</span> <span class='ocrx_word' id='word_1_314' title='bbox 344 3273 464 3328; x_wconf 85' lang='lat' dir='ltr'>immines</span> <span class='ocrx_word' id='word_1_315' title='bbox 477 3269 597 3342; x_wconf 72' lang='lat' dir='ltr'>quaedam</span> <span class='ocrx_word' id='word_1_316' title='bbox 612 3270 736 3325; x_wconf 89' lang='lat' dir='ltr'>allocutio</span> <span class='ocrx_word' id='word_1_317' title='bbox 755 3270 780 3323; x_wconf 93' lang='lat' dir='ltr'>iii</span> <span class='ocrx_word' id='word_1_318' title='bbox 798 3269 857 3323; x_wconf 83' lang='lat' dir='ltr'>reio</span> <span class='ocrx_word' id='word_1_319' title='bbox 874 3267 951 3322; x_wconf 83' lang='lat' dir='ltr'>tacite</span> <span class='ocrx_word' id='word_1_320' title='bbox 965 3267 1067 3335; x_wconf 83' lang='lat' dir='ltr'>signib-</span> 
     </span>
     <span class='ocr_line' id='line_1_44' title="bbox 289 3337 1067 3411; baseline -0.006 -14"><span class='ocrx_word' id='word_1_321' title='bbox 289 3343 373 3397; x_wconf 87' lang='lat' dir='ltr'>cantis</span> <span class='ocrx_word' id='word_1_322' title='bbox 387 3340 582 3411; x_wconf 89' lang='lat' dir='ltr'>quodaminodo</span> <span class='ocrx_word' id='word_1_323' title='bbox 601 3350 628 3394; x_wconf 91' lang='lat' dir='ltr'>et</span> <span class='ocrx_word' id='word_1_324' title='bbox 648 3339 759 3395; x_wconf 90' lang='lat' dir='ltr'>dicentis</span> <span class='ocrx_word' id='word_1_325' title='bbox 772 3337 812 3393; x_wconf 89' lang='lat'>:0</span> <span class='ocrx_word' id='word_1_326' title='bbox 824 3338 912 3393; x_wconf 88' lang='lat' dir='ltr'>miseri</span> <span class='ocrx_word' id='word_1_327' title='bbox 925 3337 1067 3404; x_wconf 83' lang='lat' dir='ltr'>mortales,</span> 
     </span>
     <span class='ocr_line' id='line_1_45' title="bbox 289 3405 1069 3481; baseline -0.005 -16"><span class='ocrx_word' id='word_1_328' title='bbox 289 3413 365 3481; x_wconf 90' lang='lat' dir='ltr'>quale</span> <span class='ocrx_word' id='word_1_329' title='bbox 379 3411 502 3467; x_wconf 90' lang='lat' dir='ltr'>besterna</span> <span class='ocrx_word' id='word_1_330' title='bbox 516 3411 559 3465; x_wconf 91' lang='lat' dir='ltr'>die</span> <span class='ocrx_word' id='word_1_331' title='bbox 571 3410 694 3464; x_wconf 91' lang='lat' dir='ltr'>draconis</span> <span class='ocrx_word' id='word_1_332' title='bbox 706 3409 843 3465; x_wconf 83' lang='lat' dir='ltr'>evaseritis</span> <span class='ocrx_word' id='word_1_333' title='bbox 856 3405 1016 3465; x_wconf 84' lang='lat' dir='ltr'>incendium,</span> <span class='ocrx_word' id='word_1_334' title='bbox 1027 3407 1069 3461; x_wconf 90' lang='lat' dir='ltr'>vel</span> 
     </span>
     <span class='ocr_line' id='line_1_46' title="bbox 289 3476 1068 3556; baseline -0.008 -21"><span class='ocrx_word' id='word_1_335' title='bbox 289 3483 365 3548; x_wconf 86' lang='lat' dir='ltr'>ciijiis</span> <span class='ocrx_word' id='word_1_336' title='bbox 379 3497 426 3551; x_wconf 92' lang='lat' dir='ltr'>pro</span> <span class='ocrx_word' id='word_1_337' title='bbox 438 3481 512 3537; x_wconf 89' lang='lat' dir='ltr'>vobis</span> <span class='ocrx_word' id='word_1_338' title='bbox 524 3481 643 3535; x_wconf 84' lang='lat' dir='ltr'>advocati</span> <span class='ocrx_word' id='word_1_339' title='bbox 659 3480 735 3533; x_wconf 91' lang='lat' dir='ltr'>inerit</span> <span class='ocrx_word' id='word_1_340' title='bbox 748 3487 883 3547; x_wconf 90' lang='lat' dir='ltr'>acceptum</span> <span class='ocrx_word' id='word_1_341' title='bbox 897 3476 1068 3556; x_wconf 74' lang='lat' dir='ltr'>suffragium,</span> 
     </span>
     <span class='ocr_line' id='line_1_47' title="bbox 290 3546 1068 3622; baseline -0.008 -16"><span class='ocrx_word' id='word_1_342' title='bbox 290 3553 341 3606; x_wconf 88' lang='lat' dir='ltr'>isto</span> <span class='ocrx_word' id='word_1_343' title='bbox 353 3553 472 3622; x_wconf 83' lang='lat' dir='ltr'>sequenti</span> <span class='ocrx_word' id='word_1_344' title='bbox 485 3551 528 3606; x_wconf 88' lang='lat' dir='ltr'>die</span> <span class='ocrx_word' id='word_1_345' title='bbox 543 3551 617 3604; x_wconf 91' lang='lat' dir='ltr'>istius</span> <span class='ocrx_word' id='word_1_346' title='bbox 631 3550 680 3603; x_wconf 93' lang='lat' dir='ltr'>veli</span> <span class='ocrx_word' id='word_1_347' title='bbox 697 3548 852 3618; x_wconf 89' lang='lat' dir='ltr'>liguratione</span> <span class='ocrx_word' id='word_1_348' title='bbox 864 3546 1011 3614; x_wconf 90' lang='lat' dir='ltr'>intelligite,</span> <span class='ocrx_word' id='word_1_349' title='bbox 1026 3554 1068 3600; x_wconf 91' lang='lat' dir='ltr'>at·</span> 
     </span>
     <span class='ocr_line' id='line_1_48' title="bbox 289 3616 1071 3691; baseline -0.006 -16"><span class='ocrx_word' id='word_1_350' title='bbox 289 3637 342 3691; x_wconf 90' lang='lat' dir='ltr'>que</span> <span class='ocrx_word' id='word_1_351' title='bbox 353 3621 473 3690; x_wconf 90' lang='lat' dir='ltr'>gaudete.</span> <span class='ocrx_word' id='word_1_352' title='bbox 495 3621 562 3674; x_wconf 89' lang='lat' dir='ltr'>ilinc</span> <span class='ocrx_word' id='word_1_353' title='bbox 574 3627 689 3673; x_wconf 88' lang='lat' dir='ltr'>vestram</span> <span class='ocrx_word' id='word_1_354' title='bbox 702 3629 728 3671; x_wconf 90' lang='lat' dir='ltr'>et</span> <span class='ocrx_word' id='word_1_355' title='bbox 741 3617 932 3687; x_wconf 79' lang='lat' dir='ltr'>precedentem</span> <span class='ocrx_word' id='word_1_356' title='bbox 948 3616 1071 3670; x_wconf 91' lang='lat' dir='ltr'>tentatie-</span> 
     </span>
     <span class='ocr_line' id='line_1_49' title="bbox 289 3686 1069 3756; baseline -0.005 -12"><span class='ocrx_word' id='word_1_357' title='bbox 289 3706 351 3746; x_wconf 89' lang='lat' dir='ltr'>iiem</span> <span class='ocrx_word' id='word_1_358' title='bbox 362 3700 389 3746; x_wconf 92' lang='lat' dir='ltr'>et</span> <span class='ocrx_word' id='word_1_359' title='bbox 398 3691 603 3756; x_wconf 75' lang='lat' dir='ltr'>subsequentem</span> <span class='ocrx_word' id='word_1_360' title='bbox 619 3688 798 3742; x_wconf 79' lang='lat' dir='ltr'>liberationem</span> <span class='ocrx_word' id='word_1_361' title='bbox 811 3686 879 3756; x_wconf 88' lang='lat' dir='ltr'>apud</span> <span class='ocrx_word' id='word_1_362' title='bbox 894 3686 1069 3754; x_wconf 80' lang='lat' dir='ltr'>vosmetipsos</span> 
     </span>
     <span class='ocr_line' id='line_1_50' title="bbox 289 3755 1069 3826; baseline -0.008 -11"><span class='ocrx_word' id='word_1_363' title='bbox 289 3763 416 3826; x_wconf 87' lang='lat' dir='ltr'>corilerto,</span> <span class='ocrx_word' id='word_1_364' title='bbox 428 3759 523 3814; x_wconf 86' lang='lat' dir='ltr'>exinde</span> <span class='ocrx_word' id='word_1_365' title='bbox 536 3773 588 3812; x_wconf 92' lang='lat' dir='ltr'>non</span> <span class='ocrx_word' id='word_1_366' title='bbox 602 3757 684 3821; x_wconf 91' lang='lat' dir='ltr'>dubii,</span> <span class='ocrx_word' id='word_1_367' title='bbox 696 3756 741 3812; x_wconf 91' lang='lat' dir='ltr'>sed</span> <span class='ocrx_word' id='word_1_368' title='bbox 754 3757 834 3819; x_wconf 86' lang='lat' dir='ltr'>certi,</span> <span class='ocrx_word' id='word_1_369' title='bbox 850 3755 907 3810; x_wconf 83' lang='lat' dir='ltr'>ileo</span> <span class='ocrx_word' id='word_1_370' title='bbox 920 3766 1008 3810; x_wconf 91' lang='lat' dir='ltr'>vestro</span> <span class='ocrx_word' id='word_1_371' title='bbox 1023 3770 1069 3823; x_wconf 90' lang='lat' dir='ltr'>per</span> 
     </span>
     <span class='ocr_line' id='line_1_51' title="bbox 289 3824 1069 3898; baseline -0.008 -12"><span class='ocrx_word' id='word_1_372' title='bbox 289 3831 408 3886; x_wconf 75' lang='lat' dir='ltr'>Amicam</span> <span class='ocrx_word' id='word_1_373' title='bbox 424 3845 509 3891; x_wconf 84' lang='lat' dir='ltr'>menni</span> <span class='ocrx_word' id='word_1_374' title='bbox 524 3829 620 3898; x_wconf 89' lang='lat' dir='ltr'>gratias</span> <span class='ocrx_word' id='word_1_375' title='bbox 632 3828 710 3897; x_wconf 90' lang='lat' dir='ltr'>agite.</span> <span class='ocrx_word' id='word_1_376' title='bbox 734 3826 802 3881; x_wconf 84' lang='lat' dir='ltr'>Ecce</span> <span class='ocrx_word' id='word_1_377' title='bbox 825 3825 965 3880; x_wconf 89' lang='lat' dir='ltr'>draconem</span> <span class='ocrx_word' id='word_1_378' title='bbox 977 3824 1011 3879; x_wconf 91' lang='lat' dir='ltr'>de</span> <span class='ocrx_word' id='word_1_379' title='bbox 1024 3840 1069 3880; x_wconf 87' lang='lat' dir='ltr'>re·</span> 
     </span>
     <span class='ocr_line' id='line_1_52' title="bbox 290 3896 1070 3966; baseline -0.005 -14"><span class='ocrx_word' id='word_1_380' title='bbox 290 3912 343 3954; x_wconf 85' lang='lat' dir='ltr'>stra</span> <span class='ocrx_word' id='word_1_381' title='bbox 357 3901 462 3954; x_wconf 88' lang='lat' dir='ltr'>civitate</span> <span class='ocrx_word' id='word_1_382' title='bbox 476 3898 583 3958; x_wconf 87' lang='lat' dir='ltr'>cernitis</span> <span class='ocrx_word' id='word_1_383' title='bbox 596 3899 711 3966; x_wconf 84' lang='lat' dir='ltr'>iugatum</span> <span class='ocrx_word' id='word_1_384' title='bbox 725 3904 752 3950; x_wconf 93' lang='lat' dir='ltr'>et</span> <span class='ocrx_word' id='word_1_385' title='bbox 763 3896 917 3965; x_wconf 88' lang='lat' dir='ltr'>expulsam,</span> <span class='ocrx_word' id='word_1_386' title='bbox 931 3909 995 3949; x_wconf 91' lang='lat' dir='ltr'>ecce</span> <span class='ocrx_word' id='word_1_387' title='bbox 1006 3909 1070 3949; x_wconf 92' lang='lat' dir='ltr'>caii-</span> 
     </span>
     <span class='ocr_line' id='line_1_53' title="bbox 291 3966 1069 4038; baseline -0.005 -15"><span class='ocrx_word' id='word_1_388' title='bbox 291 3981 418 4025; x_wconf 87' lang='lat' dir='ltr'>tercntem</span> <span class='ocrx_word' id='word_1_389' title='bbox 433 3980 509 4038; x_wconf 90' lang='lat' dir='ltr'>caput</span> <span class='ocrx_word' id='word_1_390' title='bbox 523 3969 580 4036; x_wconf 82' lang='lat' dir='ltr'>ejus</span> <span class='ocrx_word' id='word_1_391' title='bbox 597 3969 709 4036; x_wconf 90' lang='lat' dir='ltr'>priiinim</span> <span class='ocrx_word' id='word_1_392' title='bbox 730 3966 869 4037; x_wconf 83' lang='lat' dir='ltr'>Martyrem</span> <span class='ocrx_word' id='word_1_393' title='bbox 882 3979 970 4020; x_wconf 90' lang='lat' dir='ltr'>meum</span> <span class='ocrx_word' id='word_1_394' title='bbox 986 3978 1069 4019; x_wconf 87' lang='lat' dir='ltr'>:ecce</span> 
     </span>
     <span class='ocr_line' id='line_1_54' title="bbox 289 4033 1070 4108; baseline -0.003 -17"><span class='ocrx_word' id='word_1_395' title='bbox 289 4041 381 4094; x_wconf 79' lang='lat' dir='ltr'>Crucis</span> <span class='ocrx_word' id='word_1_396' title='bbox 403 4049 547 4108; x_wconf 67' lang='lat' dir='ltr'>tropaeam,</span> <span class='ocrx_word' id='word_1_397' title='bbox 563 4053 612 4106; x_wconf 90' lang='lat' dir='ltr'>per</span> <span class='ocrx_word' id='word_1_398' title='bbox 633 4036 703 4107; x_wconf 91' lang='lat' dir='ltr'>quad</span> <span class='ocrx_word' id='word_1_399' title='bbox 727 4035 825 4089; x_wconf 74' lang='lat' dir='ltr'>vicistis</span> <span class='ocrx_word' id='word_1_400' title='bbox 846 4034 990 4089; x_wconf 89' lang='lat' dir='ltr'>inimicam.</span> <span class='ocrx_word' id='word_1_401' title='bbox 1014 4033 1070 4089; x_wconf 88' lang='lat' dir='ltr'>lloc</span> 
     </span>
     <span class='ocr_line' id='line_1_55' title="bbox 289 4103 1069 4186; baseline -0.01 -22"><span class='ocrx_word' id='word_1_402' title='bbox 289 4127 352 4179; x_wconf 84' lang='lat' dir='ltr'>ergo</span> <span class='ocrx_word' id='word_1_403' title='bbox 364 4109 443 4164; x_wconf 89' lang='lat' dir='ltr'>mado</span> <span class='ocrx_word' id='word_1_404' title='bbox 452 4110 556 4162; x_wconf 61' lang='lat' dir='ltr'>cii&#39;itate</span> <span class='ocrx_word' id='word_1_405' title='bbox 570 4117 657 4160; x_wconf 88' lang='lat' dir='ltr'>nostra</span> <span class='ocrx_word' id='word_1_406' title='bbox 667 4121 681 4158; x_wconf 92' lang='lat' dir='ltr'>a</span> <span class='ocrx_word' id='word_1_407' title='bbox 691 4114 763 4159; x_wconf 90' lang='lat' dir='ltr'>tanto</span> <span class='ocrx_word' id='word_1_408' title='bbox 776 4106 891 4174; x_wconf 89' lang='lat' dir='ltr'>periculo</span> <span class='ocrx_word' id='word_1_409' title='bbox 904 4104 1025 4173; x_wconf 90' lang='lat' dir='ltr'>primitus</span> <span class='ocrx_word' id='word_1_410' title='bbox 1035 4103 1069 4186; x_wconf 67' lang='lat' dir='ltr'>li3</span> 
     </span>
     <span class='ocr_line' id='line_1_56' title="bbox 289 4173 1067 4255; baseline -0.008 -22"><span class='ocrx_word' id='word_1_411' title='bbox 289 4179 389 4243; x_wconf 83' lang='lat' dir='ltr'>berani,</span> <span class='ocrx_word' id='word_1_412' title='bbox 400 4194 430 4232; x_wconf 91' lang='lat' dir='ltr'>ae</span> <span class='ocrx_word' id='word_1_413' title='bbox 446 4188 534 4246; x_wconf 88' lang='lat' dir='ltr'>postea</span> <span class='ocrx_word' id='word_1_414' title='bbox 550 4177 594 4231; x_wconf 90' lang='lat' dir='ltr'>tali</span> <span class='ocrx_word' id='word_1_415' title='bbox 609 4192 656 4244; x_wconf 91' lang='lat' dir='ltr'>per</span> <span class='ocrx_word' id='word_1_416' title='bbox 667 4183 854 4243; x_wconf 78' lang='lat' dir='ltr'>congruentem</span> <span class='ocrx_word' id='word_1_417' title='bbox 875 4175 1003 4243; x_wconf 91' lang='lat' dir='ltr'>picturam</span> <span class='ocrx_word' id='word_1_418' title='bbox 1014 4173 1067 4255; x_wconf 77' lang='lat' dir='ltr'>veli</span> 
     </span>
     <span class='ocr_line' id='line_1_57' title="bbox 290 4245 1068 4315; baseline -0.004 -14"><span class='ocrx_word' id='word_1_419' title='bbox 290 4249 469 4303; x_wconf 89' lang='lat' dir='ltr'>admonitione</span> <span class='ocrx_word' id='word_1_420' title='bbox 491 4248 617 4301; x_wconf 91' lang='lat' dir='ltr'>instructa</span> <span class='ocrx_word' id='word_1_421' title='bbox 641 4255 668 4299; x_wconf 89' lang='lat' dir='ltr'>et</span> <span class='ocrx_word' id='word_1_422' title='bbox 690 4246 844 4305; x_wconf 85' lang='lat' dir='ltr'>illuminata,</span> <span class='ocrx_word' id='word_1_423' title='bbox 859 4245 965 4315; x_wconf 91' lang='lat' dir='ltr'>gemino</span> <span class='ocrx_word' id='word_1_424' title='bbox 985 4259 1068 4298; x_wconf 90' lang='lat' dir='ltr'>mira·</span> 
     </span>
     <span class='ocr_line' id='line_1_58' title="bbox 288 4314 1029 4387; baseline -0.007 -16"><span class='ocrx_word' id='word_1_425' title='bbox 288 4319 349 4373; x_wconf 89' lang='lat' dir='ltr'>ciilo</span> <span class='ocrx_word' id='word_1_426' title='bbox 367 4327 410 4372; x_wconf 91' lang='lat' dir='ltr'>est</span> <span class='ocrx_word' id='word_1_427' title='bbox 423 4318 509 4371; x_wconf 87' lang='lat' dir='ltr'>omnis</span> <span class='ocrx_word' id='word_1_428' title='bbox 522 4318 564 4387; x_wconf 89' lang='lat' dir='ltr'>pia</span> <span class='ocrx_word' id='word_1_429' title='bbox 578 4315 664 4370; x_wconf 91' lang='lat' dir='ltr'>anima</span> <span class='ocrx_word' id='word_1_430' title='bbox 678 4315 704 4369; x_wconf 90' lang='lat' dir='ltr'>in</span> <span class='ocrx_word' id='word_1_431' title='bbox 720 4315 765 4369; x_wconf 86' lang='lat' dir='ltr'>Dei</span> <span class='ocrx_word' id='word_1_432' title='bbox 779 4315 862 4386; x_wconf 91' lang='lat' dir='ltr'>gloria</span> <span class='ocrx_word' id='word_1_433' title='bbox 876 4314 1029 4369; x_wconf 84' lang='lat' dir='ltr'>erliilarata.</span> 
     </span>
    </p>
   </div>
   <div class='ocr_carea' id='block_1_3' title="bbox 286 4469 1066 4613">
    <p class='ocr_par' dir='ltr' id='par_1_3' title="bbox 286 4469 1066 4613">
     <span class='ocr_line' id='line_1_59' title="bbox 286 4469 1066 4542; baseline -0.012 -9"><span class='ocrx_word' id='word_1_434' title='bbox 286 4473 399 4536; x_wconf 71' lang='lat' dir='ltr'>CAPUT</span> <span class='ocrx_word' id='word_1_435' title='bbox 410 4473 480 4528; x_wconf 76' lang='lat' dir='ltr'>&#39;i&#39;.-</span> <span class='ocrx_word' id='word_1_436' title='bbox 491 4474 527 4527; x_wconf 78' lang='lat' dir='ltr'>ile</span> <span class='ocrx_word' id='word_1_437' title='bbox 538 4473 709 4542; x_wconf 80' lang='lat' dir='ltr'>dispensatore</span> <span class='ocrx_word' id='word_1_438' title='bbox 720 4471 832 4541; x_wconf 76' lang='lat' dir='ltr'>pecunia</span> <span class='ocrx_word' id='word_1_439' title='bbox 845 4470 951 4541; x_wconf 78' lang='lat' dir='ltr'>paline</span> <span class='ocrx_word' id='word_1_440' title='bbox 960 4469 1066 4524; x_wconf 79' lang='lat' dir='ltr'>Cartba-</span> 
     </span>
     <span class='ocr_line' id='line_1_60' title="bbox 583 4542 774 4613; baseline -0.01 -17"><span class='ocrx_word' id='word_1_441' title='bbox 583 4542 649 4613; x_wconf 79' lang='lat' dir='ltr'>ginis</span> <span class='ocrx_word' id='word_1_442' title='bbox 663 4543 774 4596; x_wconf 85' lang='lat' dir='ltr'>liberata.</span> 
     </span>
    </p>
   </div>
   <div class='ocr_carea' id='block_1_4' title="bbox 281 4690 1064 5323">
    <p class='ocr_par' dir='ltr' id='par_1_4' title="bbox 281 4690 1064 5323">
     <span class='ocr_line' id='line_1_61' title="bbox 321 4690 1064 4765; baseline -0.016 -9"><span class='ocrx_word' id='word_1_443' title='bbox 321 4704 346 4756; x_wconf 91' lang='lat' dir='ltr'>i.</span> <span class='ocrx_word' id='word_1_444' title='bbox 367 4699 395 4754; x_wconf 94' lang='lat' dir='ltr'>lii</span> <span class='ocrx_word' id='word_1_445' title='bbox 409 4712 487 4765; x_wconf 87' lang='lat' dir='ltr'>supra</span> <span class='ocrx_word' id='word_1_446' title='bbox 499 4695 576 4751; x_wconf 88' lang='lat' dir='ltr'>dictis</span> <span class='ocrx_word' id='word_1_447' title='bbox 598 4694 733 4748; x_wconf 84' lang='lat' dir='ltr'>miraculis</span> <span class='ocrx_word' id='word_1_448' title='bbox 753 4691 851 4746; x_wconf 89' lang='lat' dir='ltr'>domini</span> <span class='ocrx_word' id='word_1_449' title='bbox 871 4690 998 4757; x_wconf 88' lang='lat' dir='ltr'>Stephani</span> <span class='ocrx_word' id='word_1_450' title='bbox 1016 4707 1064 4761; x_wconf 90' lang='lat' dir='ltr'>pa·</span> 
     </span>
     <span class='ocr_line' id='line_1_62' title="bbox 285 4761 1062 4828; baseline -0.013 -1"><span class='ocrx_word' id='word_1_451' title='bbox 285 4773 353 4827; x_wconf 91' lang='lat' dir='ltr'>troni</span> <span class='ocrx_word' id='word_1_452' title='bbox 366 4768 527 4828; x_wconf 89' lang='lat' dir='ltr'>communis,</span> <span class='ocrx_word' id='word_1_453' title='bbox 540 4766 651 4818; x_wconf 82' lang='lat' dir='ltr'>virtutes</span> <span class='ocrx_word' id='word_1_454' title='bbox 672 4762 813 4816; x_wconf 88' lang='lat' dir='ltr'>saiiitatnm</span> <span class='ocrx_word' id='word_1_455' title='bbox 837 4769 864 4813; x_wconf 89' lang='lat' dir='ltr'>ct</span> <span class='ocrx_word' id='word_1_456' title='bbox 884 4761 997 4815; x_wconf 85' lang='lat' dir='ltr'>visiones</span> <span class='ocrx_word' id='word_1_457' title='bbox 1017 4777 1062 4817; x_wconf 91' lang='lat' dir='ltr'>so·</span> 
     </span>
     <span class='ocr_line' id='line_1_63' title="bbox 284 4829 1063 4909; baseline -0.012 -14"><span class='ocrx_word' id='word_1_458' title='bbox 284 4843 414 4895; x_wconf 90' lang='lat' dir='ltr'>iuniorum</span> <span class='ocrx_word' id='word_1_459' title='bbox 429 4839 590 4904; x_wconf 85' lang='lat' dir='ltr'>ellectiisqiie</span> <span class='ocrx_word' id='word_1_460' title='bbox 604 4849 694 4889; x_wconf 90' lang='lat' dir='ltr'>eurum</span> <span class='ocrx_word' id='word_1_461' title='bbox 708 4829 889 4909; x_wconf 78' lang='lat' dir='ltr'>mediocritate</span> <span class='ocrx_word' id='word_1_462' title='bbox 904 4840 992 4884; x_wconf 90' lang='lat' dir='ltr'>nostra</span> <span class='ocrx_word' id='word_1_463' title='bbox 1014 4846 1063 4887; x_wconf 90' lang='lat' dir='ltr'>nos</span> 
     </span>
     <span class='ocr_line' id='line_1_64' title="bbox 283 4899 1062 4981; baseline -0.014 -17"><span class='ocrx_word' id='word_1_464' title='bbox 283 4911 425 4981; x_wconf 78' lang='lat' dir='ltr'>digessisse</span> <span class='ocrx_word' id='word_1_465' title='bbox 436 4906 603 4961; x_wconf 91' lang='lat' dir='ltr'>meminimus</span> <span class='ocrx_word' id='word_1_466' title='bbox 615 4923 621 4957; x_wconf 92' lang='lat'><strong>:</strong></span> <span class='ocrx_word' id='word_1_467' title='bbox 635 4917 704 4957; x_wconf 91' lang='lat' dir='ltr'>nunc</span> <span class='ocrx_word' id='word_1_468' title='bbox 717 4916 781 4957; x_wconf 84' lang='lat' dir='ltr'>iera</span> <span class='ocrx_word' id='word_1_469' title='bbox 793 4899 928 4954; x_wconf 83' lang='lat' dir='ltr'>evidenter</span> <span class='ocrx_word' id='word_1_470' title='bbox 936 4910 963 4980; x_wconf 78' lang='lat' dir='ltr'>ct</span> <span class='ocrx_word' id='word_1_471' title='bbox 972 4901 1062 4954; x_wconf 89' lang='lat' dir='ltr'>occul-</span> 
     </span>
     <span class='ocr_line' id='line_1_65' title="bbox 283 4971 1062 5050; baseline -0.014 -15"><span class='ocrx_word' id='word_1_472' title='bbox 283 4990 337 5034; x_wconf 86' lang='lat' dir='ltr'>tata</span> <span class='ocrx_word' id='word_1_473' title='bbox 357 4978 407 5033; x_wconf 86' lang='lat' dir='ltr'>due</span> <span class='ocrx_word' id='word_1_474' title='bbox 428 4975 535 5030; x_wconf 90' lang='lat' dir='ltr'>bomani</span> <span class='ocrx_word' id='word_1_475' title='bbox 555 4973 660 5027; x_wconf 90' lang='lat' dir='ltr'>babitus</span> <span class='ocrx_word' id='word_1_476' title='bbox 674 4971 825 5039; x_wconf 85' lang='lat' dir='ltr'>corporales</span> <span class='ocrx_word' id='word_1_477' title='bbox 839 4971 1017 5050; x_wconf 79' lang='lat' dir='ltr'>apparitiones</span> <span class='ocrx_word' id='word_1_478' title='bbox 1035 4980 1062 5024; x_wconf 90' lang='lat' dir='ltr'>et</span> 
     </span>
     <span class='ocr_line' id='line_1_66' title="bbox 282 5038 1062 5110; baseline -0.012 -7"><span class='ocrx_word' id='word_1_479' title='bbox 282 5047 522 5105; x_wconf 87' lang='lat' dir='ltr'>demonstrationes</span> <span class='ocrx_word' id='word_1_480' title='bbox 536 5045 563 5097; x_wconf 92' lang='lat' dir='ltr'>in</span> <span class='ocrx_word' id='word_1_481' title='bbox 576 5043 645 5106; x_wconf 86' lang='lat' dir='ltr'>iuro,</span> <span class='ocrx_word' id='word_1_482' title='bbox 661 5043 686 5093; x_wconf 92' lang='lat' dir='ltr'>iri</span> <span class='ocrx_word' id='word_1_483' title='bbox 697 5040 820 5110; x_wconf 76' lang='lat' dir='ltr'>indiciis.</span> <span class='ocrx_word' id='word_1_484' title='bbox 836 5038 861 5091; x_wconf 95' lang='lat' dir='ltr'>in</span> <span class='ocrx_word' id='word_1_485' title='bbox 877 5039 936 5093; x_wconf 90' lang='lat' dir='ltr'>lucc</span> <span class='ocrx_word' id='word_1_486' title='bbox 950 5038 1020 5099; x_wconf 89' lang='lat' dir='ltr'>diei,</span> <span class='ocrx_word' id='word_1_487' title='bbox 1035 5049 1062 5094; x_wconf 89' lang='lat' dir='ltr'>et</span> 
     </span>
     <span class='ocr_line' id='line_1_67' title="bbox 282 5108 1060 5189; baseline -0.013 -16"><span class='ocrx_word' id='word_1_488' title='bbox 282 5128 412 5173; x_wconf 84' lang='lat' dir='ltr'>coiirentn</span> <span class='ocrx_word' id='word_1_489' title='bbox 432 5115 603 5184; x_wconf 86' lang='lat' dir='ltr'>populorum.</span> <span class='ocrx_word' id='word_1_490' title='bbox 619 5112 740 5184; x_wconf 87' lang='lat' dir='ltr'>ordinum</span> <span class='ocrx_word' id='word_1_491' title='bbox 754 5108 895 5180; x_wconf 86' lang='lat' dir='ltr'>dignitates</span> <span class='ocrx_word' id='word_1_492' title='bbox 909 5108 1060 5189; x_wconf 79' lang='lat' dir='ltr'>bominibus</span> 
     </span>
     <span class='ocr_line' id='line_1_68' title="bbox 282 5179 1059 5259; baseline -0.009 -20"><span class='ocrx_word' id='word_1_493' title='bbox 282 5179 1059 5259; x_wconf 61' lang='lat' dir='ltr'>vigilantibusetvideatibiisexliibiurspcripsirmdiuieirm</span> 
     </span>
     <span class='ocr_line' id='line_1_69' title="bbox 281 5246 1059 5323; baseline -0.012 -12"><span class='ocrx_word' id='word_1_494' title='bbox 281 5246 338 5318; x_wconf 77' lang='lat' dir='ltr'>liei,</span> <span class='ocrx_word' id='word_1_495' title='bbox 352 5255 492 5323; x_wconf 86' lang='lat' dir='ltr'>adjurante</span> <span class='ocrx_word' id='word_1_496' title='bbox 505 5252 626 5313; x_wconf 82' lang='lat' dir='ltr'>Domina,</span> <span class='ocrx_word' id='word_1_497' title='bbox 638 5251 757 5320; x_wconf 89' lang='lat' dir='ltr'>cupimus</span> <span class='ocrx_word' id='word_1_498' title='bbox 770 5262 904 5303; x_wconf 90' lang='lat' dir='ltr'>enarrare.</span> <span class='ocrx_word' id='word_1_499' title='bbox 914 5247 993 5317; x_wconf 89' lang='lat' dir='ltr'>igitur</span> <span class='ocrx_word' id='word_1_500' title='bbox 1004 5247 1059 5302; x_wconf 90' lang='lat' dir='ltr'>dis·</span> 
     </span>
    </p>
   </div>
   <div class='ocr_carea' id='block_1_5' title="bbox 280 5318 1059 5455">
    <p class='ocr_par' dir='ltr' id='par_1_5' title="bbox 280 5318 1059 5455">
     <span class='ocr_line' id='line_1_70' title="bbox 280 5318 1057 5395; baseline -0.014 -14"><span class='ocrx_word' id='word_1_501' title='bbox 280 5337 404 5394; x_wconf 88' lang='lat' dir='ltr'>pcirsatrir</span> <span class='ocrx_word' id='word_1_502' title='bbox 423 5324 541 5395; x_wconf 79' lang='lat' dir='ltr'>pecuniae</span> <span class='ocrx_word' id='word_1_503' title='bbox 559 5322 671 5392; x_wconf 81' lang='lat' dir='ltr'>putittca.</span> <span class='ocrx_word' id='word_1_504' title='bbox 688 5318 901 5388; x_wconf 81' lang='lat' dir='ltr'>carthaginensis</span> <span class='ocrx_word' id='word_1_505' title='bbox 928 5318 1057 5379; x_wconf 83' lang='lat' dir='ltr'>civitatis.</span> 
     </span>
     <span class='ocr_line' id='line_1_71' title="bbox 280 5387 1059 5455; baseline -0.013 -5"><span class='ocrx_word' id='word_1_506' title='bbox 280 5396 428 5450; x_wconf 84' lang='lat' dir='ltr'>Florentius</span> <span class='ocrx_word' id='word_1_507' title='bbox 441 5393 556 5455; x_wconf 85' lang='lat' dir='ltr'>nomiae,</span> <span class='ocrx_word' id='word_1_508' title='bbox 568 5393 636 5446; x_wconf 85' lang='lat' dir='ltr'>sieut</span> <span class='ocrx_word' id='word_1_509' title='bbox 651 5391 676 5444; x_wconf 92' lang='lat' dir='ltr'>in</span> <span class='ocrx_word' id='word_1_510' title='bbox 692 5388 786 5442; x_wconf 91' lang='lat' dir='ltr'>talibus</span> <span class='ocrx_word' id='word_1_511' title='bbox 796 5387 974 5441; x_wconf 87' lang='lat' dir='ltr'>iiriictionibus</span> <span class='ocrx_word' id='word_1_512' title='bbox 985 5387 1059 5441; x_wconf 80' lang='lat' dir='ltr'>lisca-</span> 
     </span>
    </p>
   </div>
   <div class='ocr_carea' id='block_1_6' title="bbox 279 5457 1059 5667">
    <p class='ocr_par' dir='ltr' id='par_1_6' title="bbox 279 5457 1059 5667">
     <span class='ocr_line' id='line_1_72' title="bbox 279 5457 1059 5521; baseline -0.013 -1"><span class='ocrx_word' id='word_1_513' title='bbox 279 5469 342 5521; x_wconf 91' lang='lat' dir='ltr'>lirini</span> <span class='ocrx_word' id='word_1_514' title='bbox 362 5466 495 5520; x_wconf 87' lang='lat' dir='ltr'>acticiium</span> <span class='ocrx_word' id='word_1_515' title='bbox 517 5462 623 5516; x_wconf 90' lang='lat' dir='ltr'>evenire</span> <span class='ocrx_word' id='word_1_516' title='bbox 637 5460 736 5514; x_wconf 89' lang='lat' dir='ltr'>assolet</span> <span class='ocrx_word' id='word_1_517' title='bbox 753 5457 886 5511; x_wconf 89' lang='lat' dir='ltr'>actoribus</span> <span class='ocrx_word' id='word_1_518' title='bbox 909 5472 1016 5521; x_wconf 88' lang='lat' dir='ltr'>earum,</span> <span class='ocrx_word' id='word_1_519' title='bbox 1031 5465 1059 5510; x_wconf 92' lang='grc' dir='ltr'>ιιι</span> 
     </span>
     <span class='ocr_line' id='line_1_73' title="bbox 279 5527 1056 5608; baseline -0.015 -17"><span class='ocrx_word' id='word_1_520' title='bbox 279 5548 365 5591; x_wconf 90' lang='lat' dir='ltr'>inotns</span> <span class='ocrx_word' id='word_1_521' title='bbox 380 5549 451 5603; x_wconf 85' lang='lat' dir='ltr'>saepe</span> <span class='ocrx_word' id='word_1_522' title='bbox 463 5538 620 5603; x_wconf 89' lang='lat' dir='ltr'>potestatam</span> <span class='ocrx_word' id='word_1_523' title='bbox 631 5529 680 5585; x_wconf 89' lang='lat' dir='ltr'>sub</span> <span class='ocrx_word' id='word_1_524' title='bbox 689 5528 784 5599; x_wconf 89' lang='lat' dir='ltr'>quibus</span> <span class='ocrx_word' id='word_1_525' title='bbox 794 5527 901 5596; x_wconf 86' lang='lat' dir='ltr'>degum,</span> <span class='ocrx_word' id='word_1_526' title='bbox 911 5536 936 5580; x_wconf 92' lang='lat' dir='ltr'>et</span> <span class='ocrx_word' id='word_1_527' title='bbox 944 5541 1056 5608; x_wconf 78' lang='lat' dir='ltr'>quorum</span> 
     </span>
     <span class='ocr_line' id='line_1_74' title="bbox 279 5595 1056 5667; baseline -0.015 -7"><span class='ocrx_word' id='word_1_528' title='bbox 279 5605 371 5660; x_wconf 88' lang='lat' dir='ltr'>ditioni</span> <span class='ocrx_word' id='word_1_529' title='bbox 391 5601 552 5664; x_wconf 73' lang='lat' dir='ltr'>inserviunt,</span> <span class='ocrx_word' id='word_1_530' title='bbox 568 5601 716 5664; x_wconf 89' lang='lat' dir='ltr'>incurraut;</span> <span class='ocrx_word' id='word_1_531' title='bbox 731 5595 798 5652; x_wconf 89' lang='lat' dir='ltr'>idem</span> <span class='ocrx_word' id='word_1_532' title='bbox 813 5596 939 5665; x_wconf 91' lang='lat' dir='ltr'>usquead</span> <span class='ocrx_word' id='word_1_533' title='bbox 955 5611 1056 5667; x_wconf 89' lang='lat' dir='ltr'>pericu·</span> 
     </span>
    </p>
   </div>
   <div class='ocr_carea' id='block_1_7' title="bbox 307 5705 931 5772">
    <p class='ocr_par' dir='ltr' id='par_1_7' title="bbox 307 5705 931 5772">
     <span class='ocr_line' id='line_1_75' title="bbox 307 5705 931 5772; baseline -0.016 -7"><span class='ocrx_word' id='word_1_534' title='bbox 307 5717 316 5749; x_wconf 73' lang='lat' dir='ltr'>i</span> <span class='ocrx_word' id='word_1_535' title='bbox 333 5723 412 5770; x_wconf 85' lang='lat' dir='ltr'>rorte.</span> <span class='ocrx_word' id='word_1_536' title='bbox 427 5708 614 5772; x_wconf 71' lang='lat' dir='ltr'>remitmittere,</span> <span class='ocrx_word' id='word_1_537' title='bbox 628 5717 745 5772; x_wconf 72' lang='lat' dir='ltr'>utsupra,</span> <span class='ocrx_word' id='word_1_538' title='bbox 757 5705 800 5755; x_wconf 88' lang='lat' dir='ltr'>lib.</span> <span class='ocrx_word' id='word_1_539' title='bbox 813 5706 836 5768; x_wconf 85' lang='lat' dir='ltr'>l,</span> <span class='ocrx_word' id='word_1_540' title='bbox 847 5718 899 5768; x_wconf 84' lang='lat' dir='ltr'>cup.</span> <span class='ocrx_word' id='word_1_541' title='bbox 908 5706 931 5755; x_wconf 73' lang='grc'>5.</span> 
     </span>
    </p>
   </div>
   <div class='ocr_carea' id='block_1_8' title="bbox 539 282 1678 349">
    <p class='ocr_par' dir='ltr' id='par_1_8' title="bbox 539 282 1678 349">
     <span class='ocr_line' id='line_1_76' title="bbox 539 282 1678 349; baseline -0.004 -1"><span class='ocrx_word' id='word_1_542' title='bbox 539 291 719 349; x_wconf 75' lang='lat' dir='ltr'>antennis.</span> <span class='ocrx_word' id='word_1_543' title='bbox 733 321 768 334; x_wconf 82' lang='lat'>..</span> <span class='ocrx_word' id='word_1_544' title='bbox 787 290 830 346; x_wconf 82' lang='lat' dir='ltr'>DE</span> <span class='ocrx_word' id='word_1_545' title='bbox 849 285 1030 345; x_wconf 71' lang='lat' dir='ltr'>distentis</span> <span class='ocrx_word' id='word_1_546' title='bbox 1048 284 1168 340; x_wconf 75' lang='lat' dir='ltr'>SANCTl</span> <span class='ocrx_word' id='word_1_547' title='bbox 1188 282 1354 341; x_wconf 75' lang='lat' dir='ltr'>suscitarit</span> <span class='ocrx_word' id='word_1_548' title='bbox 1372 285 1475 342; x_wconf 81' lang='lat' dir='ltr'>tinen</span> <span class='ocrx_word' id='word_1_549' title='bbox 1492 287 1678 346; x_wconf 72' lang='lat' dir='ltr'>SECUNDUS.</span> 
     </span>
    </p>
   </div>
   <div class='ocr_carea' id='block_1_9' title="bbox 1853 289 1905 349">
    <p class='ocr_par' dir='ltr' id='par_1_9' title="bbox 1853 289 1905 349">
     <span class='ocr_line' id='line_1_77' title="bbox 1853 289 1905 349; baseline -0.096 0"><span class='ocrx_word' id='word_1_550' title='bbox 1853 289 1905 349; x_wconf 68' lang='lat'>855!</span> 
     </span>
    </p>
   </div>
   <div class='ocr_carea' id='block_1_10' title="bbox 1117 406 1902 4103">
    <p class='ocr_par' dir='ltr' id='par_1_10' title="bbox 1117 406 1902 4103">
     <span class='ocr_line' id='line_1_78' title="bbox 1125 406 1902 485; baseline 0.015 -26"><span class='ocrx_word' id='word_1_551' title='bbox 1125 406 1178 459; x_wconf 93' lang='lat' dir='ltr'>iiim</span> <span class='ocrx_word' id='word_1_552' title='bbox 1189 408 1281 475; x_wconf 88' lang='lat' dir='ltr'>capitis</span> <span class='ocrx_word' id='word_1_553' title='bbox 1291 408 1416 463; x_wconf 85' lang='lat' dir='ltr'>oliciisam</span> <span class='ocrx_word' id='word_1_554' title='bbox 1425 412 1570 480; x_wconf 77' lang='lat' dir='ltr'>jiriiictaiia,</span> <span class='ocrx_word' id='word_1_555' title='bbox 1584 414 1776 485; x_wconf 82' lang='lat' dir='ltr'>indignationis</span> <span class='ocrx_word' id='word_1_556' title='bbox 1789 416 1902 470; x_wconf 32' lang='lat' dir='ltr'>inctrrrer</span> 
     </span>
     <span class='ocr_line' id='line_1_79' title="bbox 1124 475 1898 553; baseline 0.009 -24"><span class='ocrx_word' id='word_1_557' title='bbox 1124 485 1174 529; x_wconf 89' lang='lat' dir='ltr'>vat.</span> <span class='ocrx_word' id='word_1_558' title='bbox 1186 475 1242 541; x_wconf 81' lang='lat' dir='ltr'>Qua</span> <span class='ocrx_word' id='word_1_559' title='bbox 1255 477 1289 530; x_wconf 88' lang='lat' dir='ltr'>de</span> <span class='ocrx_word' id='word_1_560' title='bbox 1302 493 1331 533; x_wconf 92' lang='lat' dir='ltr'>re</span> <span class='ocrx_word' id='word_1_561' title='bbox 1343 495 1374 532; x_wconf 89' lang='lat' dir='ltr'>eii</span> <span class='ocrx_word' id='word_1_562' title='bbox 1390 492 1521 550; x_wconf 78' lang='lat' dir='ltr'>precepto</span> <span class='ocrx_word' id='word_1_563' title='bbox 1536 486 1626 539; x_wconf 91' lang='lat' dir='ltr'>nescia</span> <span class='ocrx_word' id='word_1_564' title='bbox 1641 486 1710 539; x_wconf 90' lang='lat' dir='ltr'>niide</span> <span class='ocrx_word' id='word_1_565' title='bbox 1722 486 1898 553; x_wconf 78' lang='lat' dir='ltr'>proconsulis,</span> 
     </span>
     <span class='ocr_line' id='line_1_80' title="bbox 1125 546 1899 620; baseline 0.013 -22"><span class='ocrx_word' id='word_1_566' title='bbox 1125 546 1318 614; x_wconf 77' lang='lat' dir='ltr'>pra-cipitaiiter</span> <span class='ocrx_word' id='word_1_567' title='bbox 1330 548 1420 616; x_wconf 83' lang='lat' dir='ltr'>jussus</span> <span class='ocrx_word' id='word_1_568' title='bbox 1432 560 1473 605; x_wconf 91' lang='lat' dir='ltr'>est</span> <span class='ocrx_word' id='word_1_569' title='bbox 1484 554 1557 620; x_wconf 88' lang='lat' dir='ltr'>rapi,</span> <span class='ocrx_word' id='word_1_570' title='bbox 1569 563 1595 607; x_wconf 92' lang='lat' dir='ltr'>et</span> <span class='ocrx_word' id='word_1_571' title='bbox 1615 569 1673 620; x_wconf 85' lang='lat' dir='ltr'>epis</span> <span class='ocrx_word' id='word_1_572' title='bbox 1696 569 1757 608; x_wconf 84' lang='lat' dir='ltr'>mox</span> <span class='ocrx_word' id='word_1_573' title='bbox 1772 555 1899 608; x_wconf 79' lang='lat' dir='ltr'>obtutibu-</span> 
     </span>
     <span class='ocr_line' id='line_1_81' title="bbox 1123 615 1901 693; baseline 0.017 -25"><span class='ocrx_word' id='word_1_574' title='bbox 1123 615 1191 668; x_wconf 89' lang='lat' dir='ltr'>sisti.</span> <span class='ocrx_word' id='word_1_575' title='bbox 1204 616 1279 683; x_wconf 79' lang='lat' dir='ltr'>Quod</span> <span class='ocrx_word' id='word_1_576' title='bbox 1294 633 1353 671; x_wconf 92' lang='lat' dir='ltr'>cnm</span> <span class='ocrx_word' id='word_1_577' title='bbox 1367 618 1466 688; x_wconf 89' lang='lat' dir='ltr'>absque</span> <span class='ocrx_word' id='word_1_578' title='bbox 1479 621 1531 675; x_wconf 91' lang='lat' dir='ltr'>iilia</span> <span class='ocrx_word' id='word_1_579' title='bbox 1542 638 1614 675; x_wconf 90' lang='lat' dir='ltr'>mora</span> <span class='ocrx_word' id='word_1_580' title='bbox 1626 624 1742 678; x_wconf 89' lang='lat' dir='ltr'>alliciam</span> <span class='ocrx_word' id='word_1_581' title='bbox 1753 625 1824 691; x_wconf 91' lang='lat' dir='ltr'>quod</span> <span class='ocrx_word' id='word_1_582' title='bbox 1839 637 1901 693; x_wconf 80' lang='lat' dir='ltr'>inte</span> 
     </span>
     <span class='ocr_line' id='line_1_82' title="bbox 1123 683 1900 763; baseline 0.014 -26"><span class='ocrx_word' id='word_1_583' title='bbox 1123 683 1182 737; x_wconf 91' lang='lat' dir='ltr'>bat¹</span> <span class='ocrx_word' id='word_1_584' title='bbox 1194 685 1336 750; x_wconf 83' lang='lat' dir='ltr'>implesset,</span> <span class='ocrx_word' id='word_1_585' title='bbox 1350 701 1573 759; x_wconf 86' lang='lat' dir='ltr'>memoratamque</span> <span class='ocrx_word' id='word_1_586' title='bbox 1581 693 1793 762; x_wconf 82' lang='lat' dir='ltr'>dispensatorem</span> <span class='ocrx_word' id='word_1_587' title='bbox 1802 705 1900 763; x_wconf 78' lang='lat' dir='ltr'>raptinr</span> 
     </span>
     <span class='ocr_line' id='line_1_83' title="bbox 1123 756 1900 876; baseline 0.017 -71"><span class='ocrx_word' id='word_1_588' title='bbox 1123 768 1172 876; x_wconf 54' lang='lat' dir='ltr'>ger</span> <span class='ocrx_word' id='word_1_589' title='bbox 1187 756 1317 821; x_wconf 90' lang='lat' dir='ltr'>piiiiiiciim</span> <span class='ocrx_word' id='word_1_590' title='bbox 1342 758 1443 812; x_wconf 84' lang='lat' dir='ltr'>sedenti</span> <span class='ocrx_word' id='word_1_591' title='bbox 1465 763 1613 828; x_wconf 89' lang='lat' dir='ltr'>proconsuli</span> <span class='ocrx_word' id='word_1_592' title='bbox 1628 765 1654 817; x_wconf 92' lang='lat' dir='ltr'>iii</span> <span class='ocrx_word' id='word_1_593' title='bbox 1667 763 1813 817; x_wconf 81' lang='lat' dir='ltr'>secretario</span> <span class='ocrx_word' id='word_1_594' title='bbox 1827 765 1900 819; x_wconf 89' lang='lat' dir='ltr'>obtu-</span> 
     </span>
     <span class='ocr_line' id='line_1_84' title="bbox 1135 824 1901 904; baseline 0.018 -28"><span class='ocrx_word' id='word_1_595' title='bbox 1135 824 1212 888; x_wconf 73' lang='lat' dir='ltr'>lesen</span> <span class='ocrx_word' id='word_1_596' title='bbox 1226 826 1351 879; x_wconf 91' lang='lat' dir='ltr'>continno</span> <span class='ocrx_word' id='word_1_597' title='bbox 1371 828 1455 896; x_wconf 81' lang='lat' dir='ltr'>pilior</span> <span class='ocrx_word' id='word_1_598' title='bbox 1473 831 1565 901; x_wconf 88' lang='lat' dir='ltr'>ingens</span> <span class='ocrx_word' id='word_1_599' title='bbox 1583 835 1663 900; x_wconf 82' lang='lat' dir='ltr'>copti</span> <span class='ocrx_word' id='word_1_600' title='bbox 1683 834 1837 888; x_wconf 88' lang='lat' dir='ltr'>discurrere</span> <span class='ocrx_word' id='word_1_601' title='bbox 1857 851 1901 904; x_wconf 87' lang='lat' dir='ltr'>pei</span> 
     </span>
     <span class='ocr_line' id='line_1_85' title="bbox 1122 894 1901 973; baseline 0.021 -28"><span class='ocrx_word' id='word_1_602' title='bbox 1122 894 1202 947; x_wconf 89' lang='lat' dir='ltr'>corda</span> <span class='ocrx_word' id='word_1_603' title='bbox 1212 909 1303 949; x_wconf 89' lang='lat' dir='ltr'>eorum</span> <span class='ocrx_word' id='word_1_604' title='bbox 1314 897 1358 964; x_wconf 91' lang='lat' dir='ltr'>qui</span> <span class='ocrx_word' id='word_1_605' title='bbox 1371 897 1479 952; x_wconf 90' lang='lat' dir='ltr'>aderant</span> <span class='ocrx_word' id='word_1_606' title='bbox 1490 942 1497 961; x_wconf 90' lang='lat'>,</span> <span class='ocrx_word' id='word_1_607' title='bbox 1513 911 1539 954; x_wconf 92' lang='lat' dir='ltr'>et</span> <span class='ocrx_word' id='word_1_608' title='bbox 1550 902 1688 967; x_wconf 91' lang='lat' dir='ltr'>videbant,</span> <span class='ocrx_word' id='word_1_609' title='bbox 1699 915 1780 973; x_wconf 89' lang='lat' dir='ltr'>atque</span> <span class='ocrx_word' id='word_1_610' title='bbox 1791 903 1901 960; x_wconf 75' lang='lat' dir='ltr'>bumana</span> 
     </span>
     <span class='ocr_line' id='line_1_86' title="bbox 1122 963 1900 1040; baseline 0.015 -24"><span class='ocrx_word' id='word_1_611' title='bbox 1122 963 1291 1018; x_wconf 85' lang='lat' dir='ltr'>miseratione</span> <span class='ocrx_word' id='word_1_612' title='bbox 1313 965 1445 1021; x_wconf 90' lang='lat' dir='ltr'>bominem</span> <span class='ocrx_word' id='word_1_613' title='bbox 1465 968 1604 1034; x_wconf 88' lang='lat' dir='ltr'>dolebant,</span> <span class='ocrx_word' id='word_1_614' title='bbox 1621 973 1733 1040; x_wconf 83' lang='lat' dir='ltr'>ejusque</span> <span class='ocrx_word' id='word_1_615' title='bbox 1761 974 1900 1036; x_wconf 84' lang='lat' dir='ltr'>pericnlum</span> 
     </span>
     <span class='ocr_line' id='line_1_87' title="bbox 1123 1033 1900 1112; baseline 0.018 -27"><span class='ocrx_word' id='word_1_616' title='bbox 1123 1033 1283 1087; x_wconf 88' lang='lat' dir='ltr'>metuebant.</span> <span class='ocrx_word' id='word_1_617' title='bbox 1296 1034 1397 1091; x_wconf 89' lang='lat' dir='ltr'>interea</span> <span class='ocrx_word' id='word_1_618' title='bbox 1408 1039 1464 1091; x_wconf 90' lang='lat' dir='ltr'>viso</span> <span class='ocrx_word' id='word_1_619' title='bbox 1477 1041 1595 1105; x_wconf 91' lang='lat' dir='ltr'>protinus</span> <span class='ocrx_word' id='word_1_620' title='bbox 1604 1058 1682 1112; x_wconf 87' lang='lat' dir='ltr'>quem</span> <span class='ocrx_word' id='word_1_621' title='bbox 1694 1043 1900 1108; x_wconf 76' lang='lat' dir='ltr'>inriaiitcrqnn·</span> 
     </span>
     <span class='ocr_line' id='line_1_88' title="bbox 1123 1101 1900 1178; baseline 0.021 -23"><span class='ocrx_word' id='word_1_622' title='bbox 1123 1101 1207 1162; x_wconf 83' lang='lat' dir='ltr'>rebat.</span> <span class='ocrx_word' id='word_1_623' title='bbox 1218 1105 1335 1174; x_wconf 82' lang='lat' dir='ltr'>exsurgit</span> <span class='ocrx_word' id='word_1_624' title='bbox 1347 1106 1373 1159; x_wconf 94' lang='lat' dir='ltr'>in</span> <span class='ocrx_word' id='word_1_625' title='bbox 1384 1121 1447 1162; x_wconf 90' lang='lat' dir='ltr'>voce</span> <span class='ocrx_word' id='word_1_626' title='bbox 1461 1109 1571 1163; x_wconf 88' lang='lat' dir='ltr'>terribili</span> <span class='ocrx_word' id='word_1_627' title='bbox 1585 1121 1703 1178; x_wconf 87' lang='lat' dir='ltr'>potestas</span> <span class='ocrx_word' id='word_1_628' title='bbox 1715 1113 1793 1174; x_wconf 79' lang='lat' dir='ltr'>iram,</span> <span class='ocrx_word' id='word_1_629' title='bbox 1808 1115 1900 1171; x_wconf 81' lang='lat' dir='ltr'>minaci</span> 
     </span>
     <span class='ocr_line' id='line_1_89' title="bbox 1121 1172 1901 1252; baseline 0.019 -28"><span class='ocrx_word' id='word_1_630' title='bbox 1121 1172 1243 1226; x_wconf 89' lang='lat' dir='ltr'>euindem</span> <span class='ocrx_word' id='word_1_631' title='bbox 1254 1173 1463 1241; x_wconf 90' lang='lat' dir='ltr'>dispensatorem</span> <span class='ocrx_word' id='word_1_632' title='bbox 1474 1178 1679 1250; x_wconf 88' lang='lat' dir='ltr'>interrogatione</span> <span class='ocrx_word' id='word_1_633' title='bbox 1689 1184 1860 1252; x_wconf 80' lang='lat' dir='ltr'>perturbans.</span> <span class='ocrx_word' id='word_1_634' title='bbox 1871 1189 1901 1239; x_wconf 84' lang='lat' dir='ltr'>tt</span> 
     </span>
     <span class='ocr_line' id='line_1_90' title="bbox 1122 1241 1901 1316; baseline 0.023 -25"><span class='ocrx_word' id='word_1_635' title='bbox 1122 1241 1250 1306; x_wconf 79' lang='lat' dir='ltr'>pavefacti</span> <span class='ocrx_word' id='word_1_636' title='bbox 1267 1242 1379 1299; x_wconf 89' lang='lat' dir='ltr'>bominis</span> <span class='ocrx_word' id='word_1_637' title='bbox 1391 1246 1477 1313; x_wconf 83' lang='lat' dir='ltr'>ingara</span> <span class='ocrx_word' id='word_1_638' title='bbox 1492 1264 1565 1301; x_wconf 87' lang='lat' dir='ltr'>niens</span> <span class='ocrx_word' id='word_1_639' title='bbox 1576 1260 1657 1313; x_wconf 89' lang='lat' dir='ltr'>tactu,</span> <span class='ocrx_word' id='word_1_640' title='bbox 1671 1267 1721 1306; x_wconf 90' lang='lat' dir='ltr'>uec</span> <span class='ocrx_word' id='word_1_641' title='bbox 1731 1253 1793 1316; x_wconf 91' lang='lat' dir='ltr'>qiiid</span> <span class='ocrx_word' id='word_1_642' title='bbox 1804 1254 1901 1309; x_wconf 88' lang='lat' dir='ltr'>diceret</span> 
     </span>
     <span class='ocr_line' id='line_1_91' title="bbox 1122 1308 1901 1389; baseline 0.018 -25"><span class='ocrx_word' id='word_1_643' title='bbox 1122 1308 1282 1366; x_wconf 88' lang='lat' dir='ltr'>inveniebat.</span> <span class='ocrx_word' id='word_1_644' title='bbox 1304 1311 1356 1369; x_wconf 85' lang='lat' dir='ltr'>Sed</span> <span class='ocrx_word' id='word_1_645' title='bbox 1369 1331 1432 1371; x_wconf 88' lang='lat' dir='ltr'>ecee</span> <span class='ocrx_word' id='word_1_646' title='bbox 1447 1317 1515 1371; x_wconf 85' lang='lat' dir='ltr'>Dens</span> <span class='ocrx_word' id='word_1_647' title='bbox 1530 1319 1573 1374; x_wconf 93' lang='lat' dir='ltr'>ille</span> <span class='ocrx_word' id='word_1_648' title='bbox 1590 1321 1715 1389; x_wconf 82' lang='lat' dir='ltr'>iriagisn·r</span> <span class='ocrx_word' id='word_1_649' title='bbox 1729 1337 1745 1374; x_wconf 92' lang='lat' dir='ltr'>e</span> <span class='ocrx_word' id='word_1_650' title='bbox 1757 1322 1828 1377; x_wconf 75' lang='lat' dir='ltr'>coila</span> <span class='ocrx_word' id='word_1_651' title='bbox 1842 1340 1901 1385; x_wconf 86' lang='lat' dir='ltr'>irro-</span> 
     </span>
     <span class='ocr_line' id='line_1_92' title="bbox 1121 1379 1901 1450; baseline 0.021 -18"><span class='ocrx_word' id='word_1_652' title='bbox 1121 1379 1235 1448; x_wconf 91' lang='lat' dir='ltr'>spicicns</span> <span class='ocrx_word' id='word_1_653' title='bbox 1245 1398 1325 1450; x_wconf 88' lang='lat' dir='ltr'>super</span> <span class='ocrx_word' id='word_1_654' title='bbox 1335 1383 1403 1439; x_wconf 90' lang='lat' dir='ltr'>lilios</span> <span class='ocrx_word' id='word_1_655' title='bbox 1413 1385 1560 1450; x_wconf 83' lang='lat' dir='ltr'>bominum,</span> <span class='ocrx_word' id='word_1_656' title='bbox 1572 1390 1686 1445; x_wconf 90' lang='lat' dir='ltr'>misceris</span> <span class='ocrx_word' id='word_1_657' title='bbox 1696 1392 1832 1446; x_wconf 85' lang='lat' dir='ltr'>severitati</span> <span class='ocrx_word' id='word_1_658' title='bbox 1843 1392 1901 1448; x_wconf 92' lang='lat' dir='ltr'>leni·</span> 
     </span>
     <span class='ocr_line' id='line_1_93' title="bbox 1121 1451 1901 1532; baseline 0.018 -30"><span class='ocrx_word' id='word_1_659' title='bbox 1121 1455 1213 1511; x_wconf 86' lang='lat' dir='ltr'>taleni,</span> <span class='ocrx_word' id='word_1_660' title='bbox 1224 1451 1310 1506; x_wconf 90' lang='lat' dir='ltr'>minas</span> <span class='ocrx_word' id='word_1_661' title='bbox 1325 1456 1486 1511; x_wconf 76' lang='lat' dir='ltr'>transferens</span> <span class='ocrx_word' id='word_1_662' title='bbox 1500 1459 1525 1512; x_wconf 94' lang='lat' dir='ltr'>iii</span> <span class='ocrx_word' id='word_1_663' title='bbox 1539 1458 1738 1529; x_wconf 88' lang='lat' dir='ltr'>benignitatem.</span> <span class='ocrx_word' id='word_1_664' title='bbox 1750 1462 1901 1532; x_wconf 87' lang='lat' dir='ltr'>castigando</span> 
     </span>
     <span class='ocr_line' id='line_1_94' title="bbox 1121 1523 1899 1613; baseline 0.022 -42"><span class='ocrx_word' id='word_1_665' title='bbox 1121 1533 1223 1602; x_wconf 79' lang='lat' dir='ltr'>amaris.</span> <span class='ocrx_word' id='word_1_666' title='bbox 1236 1523 1349 1578; x_wconf 88' lang='lat' dir='ltr'>ainanilo</span> <span class='ocrx_word' id='word_1_667' title='bbox 1361 1525 1512 1589; x_wconf 88' lang='lat' dir='ltr'>caiisclans,</span> <span class='ocrx_word' id='word_1_668' title='bbox 1524 1527 1604 1594; x_wconf 76' lang='lat' dir='ltr'>iiidcii</span> <span class='ocrx_word' id='word_1_669' title='bbox 1618 1530 1642 1583; x_wconf 92' lang='lat' dir='ltr'>iri</span> <span class='ocrx_word' id='word_1_670' title='bbox 1656 1529 1776 1599; x_wconf 82' lang='lat' dir='ltr'>liagellis.</span> <span class='ocrx_word' id='word_1_671' title='bbox 1790 1544 1865 1613; x_wconf 85' lang='lat' dir='ltr'>pater</span> <span class='ocrx_word' id='word_1_672' title='bbox 1876 1534 1899 1588; x_wconf 91' lang='lat' dir='ltr'>in</span> 
     </span>
     <span class='ocr_line' id='line_1_95' title="bbox 1122 1587 1901 1672; baseline 0.019 -30"><span class='ocrx_word' id='word_1_673' title='bbox 1122 1587 1319 1658; x_wconf 78' lang='lat' dir='ltr'>blandimentis,</span> <span class='ocrx_word' id='word_1_674' title='bbox 1334 1593 1431 1656; x_wconf 85' lang='lat' dir='ltr'>ubique</span> <span class='ocrx_word' id='word_1_675' title='bbox 1445 1596 1540 1660; x_wconf 91' lang='lat' dir='ltr'>lidelis,</span> <span class='ocrx_word' id='word_1_676' title='bbox 1555 1614 1683 1668; x_wconf 91' lang='lat' dir='ltr'>nusquam</span> <span class='ocrx_word' id='word_1_677' title='bbox 1698 1601 1833 1665; x_wconf 84' lang='lat' dir='ltr'>erirdclis;</span> <span class='ocrx_word' id='word_1_678' title='bbox 1848 1603 1901 1672; x_wconf 82' lang='lat' dir='ltr'>ipse</span> 
     </span>
     <span class='ocr_line' id='line_1_96' title="bbox 1121 1660 1902 1727; baseline 0.023 -18"><span class='ocrx_word' id='word_1_679' title='bbox 1121 1673 1183 1726; x_wconf 85' lang='lat' dir='ltr'>ergo</span> <span class='ocrx_word' id='word_1_680' title='bbox 1196 1660 1265 1714; x_wconf 85' lang='lat' dir='ltr'>liciis</span> <span class='ocrx_word' id='word_1_681' title='bbox 1279 1661 1404 1717; x_wconf 86' lang='lat' dir='ltr'>Dominus</span> <span class='ocrx_word' id='word_1_682' title='bbox 1413 1664 1445 1718; x_wconf 88' lang='lat' dir='ltr'>aii</span> <span class='ocrx_word' id='word_1_683' title='bbox 1461 1666 1623 1722; x_wconf 90' lang='lat' dir='ltr'>liberaiidnrn</span> <span class='ocrx_word' id='word_1_684' title='bbox 1634 1685 1694 1724; x_wconf 91' lang='lat' dir='ltr'>cuin</span> <span class='ocrx_word' id='word_1_685' title='bbox 1707 1669 1843 1727; x_wconf 90' lang='lat' dir='ltr'>bonrineni</span> <span class='ocrx_word' id='word_1_686' title='bbox 1857 1689 1902 1727; x_wconf 90' lang='lat' dir='ltr'>aa·</span> 
     </span>
     <span class='ocr_line' id='line_1_97' title="bbox 1120 1727 1901 1803; baseline 0.019 -23"><span class='ocrx_word' id='word_1_687' title='bbox 1120 1727 1205 1794; x_wconf 86' lang='lat' dir='ltr'>geluiii</span> <span class='ocrx_word' id='word_1_688' title='bbox 1214 1746 1289 1785; x_wconf 92' lang='lat' dir='ltr'>sirum</span> <span class='ocrx_word' id='word_1_689' title='bbox 1299 1733 1378 1793; x_wconf 81' lang='lat' dir='ltr'>aristi.</span> <span class='ocrx_word' id='word_1_690' title='bbox 1387 1733 1421 1789; x_wconf 91' lang='lat' dir='ltr'>de</span> <span class='ocrx_word' id='word_1_691' title='bbox 1430 1751 1482 1802; x_wconf 90' lang='lat' dir='ltr'>qno</span> <span class='ocrx_word' id='word_1_692' title='bbox 1491 1735 1589 1792; x_wconf 90' lang='lat' dir='ltr'>dictum</span> <span class='ocrx_word' id='word_1_693' title='bbox 1601 1748 1641 1794; x_wconf 89' lang='lat' dir='ltr'>est</span> <span class='ocrx_word' id='word_1_694' title='bbox 1653 1757 1659 1792; x_wconf 92' lang='lat'>:</span> <span class='ocrx_word' id='word_1_695' title='bbox 1670 1738 1793 1794; x_wconf 82' lang='lat' dir='ltr'>immittet</span> <span class='ocrx_word' id='word_1_696' title='bbox 1802 1744 1901 1803; x_wconf 79' lang='lat' dir='ltr'>caecias</span> 
     </span>
     <span class='ocr_line' id='line_1_98' title="bbox 1121 1795 1899 1880; baseline 0.018 -29"><span class='ocrx_word' id='word_1_697' title='bbox 1121 1795 1224 1853; x_wconf 74' lang='lat' dir='ltr'>Deretini</span> <span class='ocrx_word' id='word_1_698' title='bbox 1243 1802 1269 1855; x_wconf 92' lang='lat' dir='ltr'>in</span> <span class='ocrx_word' id='word_1_699' title='bbox 1288 1803 1393 1857; x_wconf 88' lang='lat' dir='ltr'>circuita</span> <span class='ocrx_word' id='word_1_700' title='bbox 1412 1805 1549 1860; x_wconf 84' lang='lat' dir='ltr'>timentium</span> <span class='ocrx_word' id='word_1_701' title='bbox 1565 1824 1632 1867; x_wconf 84' lang='lat' dir='ltr'>enni,</span> <span class='ocrx_word' id='word_1_702' title='bbox 1643 1820 1667 1862; x_wconf 87' lang='lat' dir='ltr'>et</span> <span class='ocrx_word' id='word_1_703' title='bbox 1679 1819 1748 1863; x_wconf 86' lang='lat' dir='ltr'>eruet</span> <span class='ocrx_word' id='word_1_704' title='bbox 1761 1827 1804 1866; x_wconf 82' lang='lat' dir='ltr'>eas</span> <span class='ocrx_word' id='word_1_705' title='bbox 1818 1811 1899 1880; x_wconf 81' lang='lat' dir='ltr'>(Pari.</span> 
     </span>
     <span class='ocr_line' id='line_1_99' title="bbox 1121 1869 1901 1940; baseline 0.021 -21"><span class='ocrx_word' id='word_1_706' title='bbox 1121 1882 1213 1931; x_wconf 82' lang='lat' dir='ltr'>xxxiii,</span> <span class='ocrx_word' id='word_1_707' title='bbox 1224 1869 1261 1940; x_wconf 74' lang='lat'>8).</span> <span class='ocrx_word' id='word_1_708' title='bbox 1273 1871 1337 1926; x_wconf 89' lang='lat' dir='ltr'>Nam</span> <span class='ocrx_word' id='word_1_709' title='bbox 1348 1889 1408 1928; x_wconf 93' lang='lat' dir='ltr'>cum</span> <span class='ocrx_word' id='word_1_710' title='bbox 1419 1875 1585 1940; x_wconf 89' lang='lat' dir='ltr'>dispensator</span> <span class='ocrx_word' id='word_1_711' title='bbox 1597 1877 1640 1932; x_wconf 90' lang='lat' dir='ltr'>ille</span> <span class='ocrx_word' id='word_1_712' title='bbox 1651 1880 1711 1933; x_wconf 75' lang='lat' dir='ltr'>ritae</span> <span class='ocrx_word' id='word_1_713' title='bbox 1721 1895 1777 1932; x_wconf 76' lang='lat' dir='ltr'>suaa</span> <span class='ocrx_word' id='word_1_714' title='bbox 1789 1881 1901 1936; x_wconf 88' lang='lat' dir='ltr'>incertus</span> 
     </span>
     <span class='ocr_line' id='line_1_100' title="bbox 1121 1938 1901 2017; baseline 0.023 -29"><span class='ocrx_word' id='word_1_715' title='bbox 1121 1950 1152 1990; x_wconf 92' lang='lat' dir='ltr'>ac</span> <span class='ocrx_word' id='word_1_716' title='bbox 1174 1938 1269 1995; x_wconf 89' lang='lat' dir='ltr'>dubius</span> <span class='ocrx_word' id='word_1_717' title='bbox 1289 1943 1340 1998; x_wconf 91' lang='lat' dir='ltr'>sub</span> <span class='ocrx_word' id='word_1_718' title='bbox 1360 1953 1433 1998; x_wconf 90' lang='lat' dir='ltr'>tanta</span> <span class='ocrx_word' id='word_1_719' title='bbox 1453 1955 1523 2000; x_wconf 89' lang='lat' dir='ltr'>iiietii</span> <span class='ocrx_word' id='word_1_720' title='bbox 1543 1947 1670 2002; x_wconf 88' lang='lat' dir='ltr'>terribilis</span> <span class='ocrx_word' id='word_1_721' title='bbox 1682 1950 1824 2017; x_wconf 87' lang='lat' dir='ltr'>potestatis</span> <span class='ocrx_word' id='word_1_722' title='bbox 1836 1951 1901 2006; x_wconf 90' lang='lat' dir='ltr'>iuter</span> 
     </span>
     <span class='ocr_line' id='line_1_101' title="bbox 1121 2009 1900 2089; baseline 0.024 -34"><span class='ocrx_word' id='word_1_723' title='bbox 1121 2009 1321 2074; x_wconf 78' lang='lat' dir='ltr'>qiiaestioaarios</span> <span class='ocrx_word' id='word_1_724' title='bbox 1334 2022 1448 2078; x_wconf 89' lang='lat' dir='ltr'>astaret,</span> <span class='ocrx_word' id='word_1_725' title='bbox 1468 2026 1578 2084; x_wconf 85' lang='lat' dir='ltr'>repente</span> <span class='ocrx_word' id='word_1_726' title='bbox 1597 2017 1729 2086; x_wconf 85' lang='lat' dir='ltr'>pulsatura</span> <span class='ocrx_word' id='word_1_727' title='bbox 1748 2034 1778 2071; x_wconf 88' lang='lat' dir='ltr'>se</span> <span class='ocrx_word' id='word_1_728' title='bbox 1797 2035 1813 2073; x_wconf 91' lang='lat' dir='ltr'>a</span> <span class='ocrx_word' id='word_1_729' title='bbox 1831 2029 1900 2089; x_wconf 87' lang='lat' dir='ltr'>tergo</span> 
     </span>
     <span class='ocr_line' id='line_1_102' title="bbox 1122 2079 1898 2152; baseline 0.022 -24"><span class='ocrx_word' id='word_1_730' title='bbox 1122 2079 1262 2143; x_wconf 86' lang='lat' dir='ltr'>persensit.</span> <span class='ocrx_word' id='word_1_731' title='bbox 1275 2080 1422 2152; x_wconf 84' lang='lat' dir='ltr'>Statimque</span> <span class='ocrx_word' id='word_1_732' title='bbox 1434 2084 1566 2152; x_wconf 85' lang='lat' dir='ltr'>paululum</span> <span class='ocrx_word' id='word_1_733' title='bbox 1579 2087 1682 2141; x_wconf 88' lang='lat' dir='ltr'>cervice</span> <span class='ocrx_word' id='word_1_734' title='bbox 1693 2087 1793 2149; x_wconf 84' lang='lat' dir='ltr'>delixa,</span> <span class='ocrx_word' id='word_1_735' title='bbox 1804 2092 1898 2144; x_wconf 86' lang='lat' dir='ltr'>oculis·</span> 
     </span>
     <span class='ocr_line' id='line_1_103' title="bbox 1120 2146 1900 2218; baseline 0.022 -20"><span class='ocrx_word' id='word_1_736' title='bbox 1120 2161 1171 2214; x_wconf 86' lang='lat' dir='ltr'>que</span> <span class='ocrx_word' id='word_1_737' title='bbox 1188 2146 1277 2203; x_wconf 88' lang='lat' dir='ltr'>iiirtim</span> <span class='ocrx_word' id='word_1_738' title='bbox 1298 2161 1442 2208; x_wconf 85' lang='lat' dir='ltr'>retrorsum</span> <span class='ocrx_word' id='word_1_739' title='bbox 1458 2155 1590 2218; x_wconf 82' lang='lat' dir='ltr'>reductis,</span> <span class='ocrx_word' id='word_1_740' title='bbox 1604 2157 1676 2212; x_wconf 84' lang='lat' dir='ltr'>viilct</span> <span class='ocrx_word' id='word_1_741' title='bbox 1687 2158 1761 2212; x_wconf 89' lang='lat' dir='ltr'>velot</span> <span class='ocrx_word' id='word_1_742' title='bbox 1776 2175 1856 2213; x_wconf 93' lang='lat' dir='ltr'>unum</span> <span class='ocrx_word' id='word_1_743' title='bbox 1868 2161 1900 2215; x_wconf 88' lang='lat' dir='ltr'>de</span> 
     </span>
     <span class='ocr_line' id='line_1_104' title="bbox 1120 2215 1899 2297; baseline 0.021 -29"><span class='ocrx_word' id='word_1_744' title='bbox 1120 2215 1288 2296; x_wconf 77' lang='lat' dir='ltr'>carnificibus</span> <span class='ocrx_word' id='word_1_745' title='bbox 1302 2222 1372 2277; x_wconf 88' lang='lat' dir='ltr'>cirea</span> <span class='ocrx_word' id='word_1_746' title='bbox 1387 2237 1417 2278; x_wconf 87' lang='lat' dir='ltr'>se</span> <span class='ocrx_word' id='word_1_747' title='bbox 1428 2233 1574 2289; x_wconf 89' lang='lat' dir='ltr'>astantem,</span> <span class='ocrx_word' id='word_1_748' title='bbox 1593 2226 1695 2292; x_wconf 88' lang='lat' dir='ltr'>sibique</span> <span class='ocrx_word' id='word_1_749' title='bbox 1717 2240 1899 2297; x_wconf 87' lang='lat' dir='ltr'>suggerentem</span> 
     </span>
     <span class='ocr_line' id='line_1_105' title="bbox 1120 2284 1901 2362; baseline 0.014 -23"><span class='ocrx_word' id='word_1_750' title='bbox 1120 2284 1182 2352; x_wconf 90' lang='lat' dir='ltr'>quid</span> <span class='ocrx_word' id='word_1_751' title='bbox 1192 2298 1291 2356; x_wconf 83' lang='lat' dir='ltr'>ageret,</span> <span class='ocrx_word' id='word_1_752' title='bbox 1303 2306 1381 2358; x_wconf 90' lang='lat' dir='ltr'>quein</span> <span class='ocrx_word' id='word_1_753' title='bbox 1393 2308 1486 2362; x_wconf 90' lang='lat' dir='ltr'>rogare</span> <span class='ocrx_word' id='word_1_754' title='bbox 1497 2293 1616 2360; x_wconf 89' lang='lat' dir='ltr'>deberet,</span> <span class='ocrx_word' id='word_1_755' title='bbox 1629 2296 1762 2352; x_wconf 88' lang='lat' dir='ltr'>dicentem</span> <span class='ocrx_word' id='word_1_756' title='bbox 1776 2307 1804 2352; x_wconf 89' lang='lat' dir='ltr'>et</span> <span class='ocrx_word' id='word_1_757' title='bbox 1813 2300 1901 2353; x_wconf 89' lang='lat' dir='ltr'>adino-</span> 
     </span>
     <span class='ocr_line' id='line_1_106' title="bbox 1123 2357 1897 2432; baseline 0.021 -24"><span class='ocrx_word' id='word_1_758' title='bbox 1123 2364 1228 2411; x_wconf 92' lang='lat' dir='ltr'>nentem</span> <span class='ocrx_word' id='word_1_759' title='bbox 1240 2374 1248 2410; x_wconf 77' lang='grc' dir='ltr'><strong><em>ε</em></strong></span> <span class='ocrx_word' id='word_1_760' title='bbox 1260 2357 1353 2414; x_wconf 88' lang='lat' dir='ltr'>invoca</span> <span class='ocrx_word' id='word_1_761' title='bbox 1367 2371 1486 2417; x_wconf 68' lang='lat' dir='ltr'>mactum</span> <span class='ocrx_word' id='word_1_762' title='bbox 1499 2363 1670 2432; x_wconf 87' lang='lat' dir='ltr'>Steplianiim.</span> <span class='ocrx_word' id='word_1_763' title='bbox 1686 2366 1746 2432; x_wconf 83' lang='lat' dir='ltr'>Qiro</span> <span class='ocrx_word' id='word_1_764' title='bbox 1759 2368 1816 2421; x_wconf 80' lang='lat' dir='ltr'>risa</span> <span class='ocrx_word' id='word_1_765' title='bbox 1827 2371 1897 2424; x_wconf 91' lang='lat' dir='ltr'>audi·</span> 
     </span>
     <span class='ocr_line' id='line_1_107' title="bbox 1122 2426 1899 2503; baseline 0.022 -26"><span class='ocrx_word' id='word_1_766' title='bbox 1122 2431 1201 2494; x_wconf 90' lang='lat' dir='ltr'>toque</span> <span class='ocrx_word' id='word_1_767' title='bbox 1223 2426 1390 2496; x_wconf 83' lang='lat' dir='ltr'>Florentius,</span> <span class='ocrx_word' id='word_1_768' title='bbox 1410 2447 1465 2487; x_wconf 82' lang='lat' dir='ltr'>suae</span> <span class='ocrx_word' id='word_1_769' title='bbox 1478 2434 1559 2488; x_wconf 92' lang='lat' dir='ltr'>menti</span> <span class='ocrx_word' id='word_1_770' title='bbox 1571 2450 1602 2489; x_wconf 90' lang='lat' dir='ltr'>ae</span> <span class='ocrx_word' id='word_1_771' title='bbox 1613 2437 1702 2489; x_wconf 88' lang='lat' dir='ltr'>sensui</span> <span class='ocrx_word' id='word_1_772' title='bbox 1720 2435 1856 2503; x_wconf 89' lang='lat' dir='ltr'>redditas,</span> <span class='ocrx_word' id='word_1_773' title='bbox 1873 2448 1899 2494; x_wconf 88' lang='lat' dir='ltr'>et</span> 
     </span>
     <span class='ocr_line' id='line_1_108' title="bbox 1120 2491 1898 2574; baseline 0.021 -28"><span class='ocrx_word' id='word_1_774' title='bbox 1120 2491 1181 2561; x_wconf 86' lang='lat' dir='ltr'>iuga</span> <span class='ocrx_word' id='word_1_775' title='bbox 1203 2496 1301 2553; x_wconf 90' lang='lat' dir='ltr'>dudum</span> <span class='ocrx_word' id='word_1_776' title='bbox 1324 2513 1444 2556; x_wconf 88' lang='lat' dir='ltr'>recreata</span> <span class='ocrx_word' id='word_1_777' title='bbox 1463 2503 1744 2571; x_wconf 89' lang='lat' dir='ltr'>animoconioctatus,</span> <span class='ocrx_word' id='word_1_778' title='bbox 1758 2505 1898 2574; x_wconf 78' lang='lat' dir='ltr'>gloriosum</span> 
     </span>
     <span class='ocr_line' id='line_1_109' title="bbox 1120 2561 1899 2643; baseline 0.019 -25"><span class='ocrx_word' id='word_1_779' title='bbox 1120 2561 1281 2633; x_wconf 85' lang='lat' dir='ltr'>Stephanum</span> <span class='ocrx_word' id='word_1_780' title='bbox 1303 2569 1371 2624; x_wconf 86' lang='lat' dir='ltr'>intra</span> <span class='ocrx_word' id='word_1_781' title='bbox 1390 2574 1481 2625; x_wconf 89' lang='lat' dir='ltr'>semeti</span> <span class='ocrx_word' id='word_1_782' title='bbox 1502 2589 1559 2627; x_wconf 87' lang='lat' dir='ltr'>sum</span> <span class='ocrx_word' id='word_1_783' title='bbox 1578 2590 1656 2630; x_wconf 91' lang='lat' dir='ltr'>arare</span> <span class='ocrx_word' id='word_1_784' title='bbox 1675 2586 1756 2643; x_wconf 90' lang='lat' dir='ltr'>atque</span> <span class='ocrx_word' id='word_1_785' title='bbox 1781 2576 1899 2633; x_wconf 88' lang='lat' dir='ltr'>invocare</span> 
     </span>
     <span class='ocr_line' id='line_1_110' title="bbox 1120 2588 1898 2715; baseline 0.019 -27"><span class='ocrx_word' id='word_1_786' title='bbox 1120 2633 1229 2714; x_wconf 83' lang='lat' dir='ltr'>minime</span> <span class='ocrx_word' id='word_1_787' title='bbox 1241 2636 1395 2694; x_wconf 87' lang='lat' dir='ltr'>desistebat.</span> <span class='ocrx_word' id='word_1_788' title='bbox 1409 2588 1509 2697; x_wconf 59' lang='lat' dir='ltr'>DeinXe</span> <span class='ocrx_word' id='word_1_789' title='bbox 1519 2643 1620 2698; x_wconf 89' lang='lat' dir='ltr'>elevata</span> <span class='ocrx_word' id='word_1_790' title='bbox 1634 2660 1778 2715; x_wconf 87' lang='lat' dir='ltr'>parumper</span> <span class='ocrx_word' id='word_1_791' title='bbox 1791 2643 1857 2703; x_wconf 87' lang='lat' dir='ltr'>lacic</span> <span class='ocrx_word' id='word_1_792' title='bbox 1867 2648 1898 2703; x_wconf 90' lang='lat' dir='ltr'>ad</span> 
     </span>
     <span class='ocr_line' id='line_1_111' title="bbox 1120 2709 1897 2784; baseline 0.018 -27"><span class='ocrx_word' id='word_1_793' title='bbox 1120 2712 1324 2774; x_wconf 80' lang='lat' dir='ltr'>interrogantem</span> <span class='ocrx_word' id='word_1_794' title='bbox 1337 2709 1464 2778; x_wconf 77' lang='lat' dir='ltr'>iudicem,</span> <span class='ocrx_word' id='word_1_795' title='bbox 1477 2713 1568 2766; x_wconf 88' lang='lat' dir='ltr'>oculos</span> <span class='ocrx_word' id='word_1_796' title='bbox 1582 2712 1695 2769; x_wconf 86' lang='lat' dir='ltr'>intendit</span> <span class='ocrx_word' id='word_1_797' title='bbox 1707 2715 1733 2769; x_wconf 92' lang='lat' dir='ltr'>in</span> <span class='ocrx_word' id='word_1_798' title='bbox 1744 2715 1843 2784; x_wconf 83' lang='lat' dir='ltr'>judicis</span> <span class='ocrx_word' id='word_1_799' title='bbox 1855 2733 1897 2771; x_wconf 88' lang='lat' dir='ltr'>as·</span> 
     </span>
     <span class='ocr_line' id='line_1_112' title="bbox 1120 2775 1898 2852; baseline 0.022 -27"><span class='ocrx_word' id='word_1_800' title='bbox 1120 2787 1262 2831; x_wconf 90' lang='lat' dir='ltr'>sessorem.</span> <span class='ocrx_word' id='word_1_801' title='bbox 1275 2775 1358 2844; x_wconf 81' lang='lat' dir='ltr'>Quem</span> <span class='ocrx_word' id='word_1_802' title='bbox 1371 2794 1433 2833; x_wconf 93' lang='lat' dir='ltr'>cnm</span> <span class='ocrx_word' id='word_1_803' title='bbox 1445 2795 1513 2834; x_wconf 85' lang='lat' dir='ltr'>aava</span> <span class='ocrx_word' id='word_1_804' title='bbox 1524 2781 1612 2849; x_wconf 79' lang='lat' dir='ltr'>facie,</span> <span class='ocrx_word' id='word_1_805' title='bbox 1623 2799 1748 2852; x_wconf 90' lang='lat' dir='ltr'>novoque</span> <span class='ocrx_word' id='word_1_806' title='bbox 1766 2785 1839 2840; x_wconf 88' lang='lat' dir='ltr'>vultu</span> <span class='ocrx_word' id='word_1_807' title='bbox 1852 2789 1898 2841; x_wconf 89' lang='lat' dir='ltr'>aii-</span> 
     </span>
     <span class='ocr_line' id='line_1_113' title="bbox 1120 2846 1897 2932; baseline 0.019 -36"><span class='ocrx_word' id='word_1_808' title='bbox 1120 2854 1235 2926; x_wconf 77' lang='lat' dir='ltr'>eanteni,</span> <span class='ocrx_word' id='word_1_809' title='bbox 1250 2846 1445 2932; x_wconf 81' lang='lat' dir='ltr'>litigantemqne</span> <span class='ocrx_word' id='word_1_810' title='bbox 1456 2851 1639 2921; x_wconf 86' lang='lat' dir='ltr'>conspiceret,</span> <span class='ocrx_word' id='word_1_811' title='bbox 1651 2868 1739 2924; x_wconf 87' lang='lat' dir='ltr'>neque</span> <span class='ocrx_word' id='word_1_812' title='bbox 1757 2854 1831 2911; x_wconf 89' lang='lat' dir='ltr'>illurn</span> <span class='ocrx_word' id='word_1_813' title='bbox 1851 2858 1897 2911; x_wconf 89' lang='lat' dir='ltr'>sibi</span> 
     </span>
     <span class='ocr_line' id='line_1_114' title="bbox 1121 2918 1896 2994; baseline 0.017 -27"><span class='ocrx_word' id='word_1_814' title='bbox 1121 2923 1295 2994; x_wconf 77' lang='lat' dir='ltr'>notissimum,</span> <span class='ocrx_word' id='word_1_815' title='bbox 1311 2918 1357 2974; x_wconf 80' lang='lat' dir='ltr'>ssd</span> <span class='ocrx_word' id='word_1_816' title='bbox 1379 2919 1458 2974; x_wconf 90' lang='lat' dir='ltr'>alium</span> <span class='ocrx_word' id='word_1_817' title='bbox 1480 2921 1640 2992; x_wconf 90' lang='lat' dir='ltr'>incognitum</span> <span class='ocrx_word' id='word_1_818' title='bbox 1660 2931 1740 2992; x_wconf 90' lang='lat' dir='ltr'>atque</span> <span class='ocrx_word' id='word_1_819' title='bbox 1761 2925 1896 2980; x_wconf 90' lang='lat' dir='ltr'>miriliciim</span> 
     </span>
     <span class='ocr_line' id='line_1_115' title="bbox 1117 2981 1897 3055; baseline 0.019 -19"><span class='ocrx_word' id='word_1_820' title='bbox 1117 2981 1214 3050; x_wconf 76' lang='lat' dir='ltr'>iudicis</span> <span class='ocrx_word' id='word_1_821' title='bbox 1225 2987 1404 3042; x_wconf 88' lang='lat' dir='ltr'>consiliarium</span> <span class='ocrx_word' id='word_1_822' title='bbox 1416 3001 1552 3055; x_wconf 77' lang='lat' dir='ltr'>comeret,</span> <span class='ocrx_word' id='word_1_823' title='bbox 1567 2992 1601 3045; x_wconf 90' lang='lat' dir='ltr'>ita</span> <span class='ocrx_word' id='word_1_824' title='bbox 1615 3002 1643 3046; x_wconf 92' lang='lat' dir='ltr'>at</span> <span class='ocrx_word' id='word_1_825' title='bbox 1656 3007 1716 3048; x_wconf 90' lang='lat' dir='ltr'>crini</span> <span class='ocrx_word' id='word_1_826' title='bbox 1729 3005 1804 3049; x_wconf 89' lang='lat' dir='ltr'>esset</span> <span class='ocrx_word' id='word_1_827' title='bbox 1814 3009 1897 3051; x_wconf 67' lang='lat' dir='ltr'>ames·</span> 
     </span>
     <span class='ocr_line' id='line_1_116' title="bbox 1120 3053 1896 3126; baseline 0.022 -23"><span class='ocrx_word' id='word_1_828' title='bbox 1120 3053 1188 3107; x_wconf 90' lang='lat' dir='ltr'>soris</span> <span class='ocrx_word' id='word_1_829' title='bbox 1202 3063 1264 3109; x_wconf 88' lang='lat' dir='ltr'>nata</span> <span class='ocrx_word' id='word_1_830' title='bbox 1276 3067 1353 3113; x_wconf 89' lang='lat' dir='ltr'>antea</span> <span class='ocrx_word' id='word_1_831' title='bbox 1365 3059 1390 3112; x_wconf 95' lang='lat' dir='ltr'>in</span> <span class='ocrx_word' id='word_1_832' title='bbox 1405 3060 1536 3126; x_wconf 90' lang='lat' dir='ltr'>omnibus,</span> <span class='ocrx_word' id='word_1_833' title='bbox 1547 3069 1575 3116; x_wconf 92' lang='lat' dir='ltr'>et</span> <span class='ocrx_word' id='word_1_834' title='bbox 1584 3061 1699 3116; x_wconf 87' lang='lat' dir='ltr'>marcida</span> <span class='ocrx_word' id='word_1_835' title='bbox 1712 3079 1775 3117; x_wconf 80' lang='lat' dir='ltr'>aevo</span> <span class='ocrx_word' id='word_1_836' title='bbox 1788 3064 1814 3118; x_wconf 96' lang='lat' dir='ltr'>iii</span> <span class='ocrx_word' id='word_1_837' title='bbox 1827 3066 1896 3120; x_wconf 92' lang='lat' dir='ltr'>rultu</span> 
     </span>
     <span class='ocr_line' id='line_1_117' title="bbox 1121 3121 1897 3205; baseline 0.019 -30"><span class='ocrx_word' id='word_1_838' title='bbox 1121 3121 1274 3180; x_wconf 79' lang='lat' dir='ltr'>deformitas</span> <span class='ocrx_word' id='word_1_839' title='bbox 1286 3135 1313 3181; x_wconf 92' lang='lat' dir='ltr'>et</span> <span class='ocrx_word' id='word_1_840' title='bbox 1323 3128 1414 3183; x_wconf 87' lang='lat' dir='ltr'>senilis</span> <span class='ocrx_word' id='word_1_841' title='bbox 1426 3138 1505 3194; x_wconf 72' lang='lat' dir='ltr'>aetas3</span> <span class='ocrx_word' id='word_1_842' title='bbox 1520 3130 1545 3184; x_wconf 94' lang='lat' dir='ltr'>iii</span> <span class='ocrx_word' id='word_1_843' title='bbox 1558 3129 1605 3185; x_wconf 91' lang='lat' dir='ltr'>iila</span> <span class='ocrx_word' id='word_1_844' title='bbox 1615 3146 1679 3186; x_wconf 90' lang='lat' dir='ltr'>vero</span> <span class='ocrx_word' id='word_1_845' title='bbox 1693 3133 1738 3197; x_wconf 91' lang='lat' dir='ltr'>qui</span> <span class='ocrx_word' id='word_1_846' title='bbox 1751 3134 1777 3187; x_wconf 87' lang='lat' dir='ltr'>ei</span> <span class='ocrx_word' id='word_1_847' title='bbox 1790 3149 1897 3205; x_wconf 73' lang='lat' dir='ltr'>appare</span> 
     </span>
     <span class='ocr_line' id='line_1_118' title="bbox 1121 3191 1896 3273; baseline 0.021 -29"><span class='ocrx_word' id='word_1_848' title='bbox 1121 3191 1180 3273; x_wconf 76' lang='lat' dir='ltr'>liat,</span> <span class='ocrx_word' id='word_1_849' title='bbox 1192 3193 1302 3260; x_wconf 83' lang='lat' dir='ltr'>juvenili</span> <span class='ocrx_word' id='word_1_850' title='bbox 1320 3195 1417 3253; x_wconf 90' lang='lat' dir='ltr'>decore</span> <span class='ocrx_word' id='word_1_851' title='bbox 1428 3199 1515 3254; x_wconf 87' lang='lat' dir='ltr'>avitas</span> <span class='ocrx_word' id='word_1_852' title='bbox 1527 3211 1554 3255; x_wconf 91' lang='lat' dir='ltr'>et</span> <span class='ocrx_word' id='word_1_853' title='bbox 1566 3201 1666 3256; x_wconf 90' lang='lat' dir='ltr'>candor</span> <span class='ocrx_word' id='word_1_854' title='bbox 1676 3201 1831 3272; x_wconf 84' lang='lat' dir='ltr'>eiialgebat.</span> <span class='ocrx_word' id='word_1_855' title='bbox 1844 3203 1896 3260; x_wconf 84' lang='lat' dir='ltr'>liae</span> 
     </span>
     <span class='ocr_line' id='line_1_119' title="bbox 1119 3265 1896 3342; baseline 0.017 -28"><span class='ocrx_word' id='word_1_856' title='bbox 1119 3275 1178 3316; x_wconf 85' lang='lat' dir='ltr'>vrso</span> <span class='ocrx_word' id='word_1_857' title='bbox 1197 3275 1358 3320; x_wconf 91' lang='lat' dir='ltr'>memoratus</span> <span class='ocrx_word' id='word_1_858' title='bbox 1378 3265 1545 3334; x_wconf 84' lang='lat' dir='ltr'>Florentius,</span> <span class='ocrx_word' id='word_1_859' title='bbox 1558 3269 1603 3325; x_wconf 91' lang='lat' dir='ltr'>diu</span> <span class='ocrx_word' id='word_1_860' title='bbox 1616 3272 1781 3341; x_wconf 87' lang='lat' dir='ltr'>multamque</span> <span class='ocrx_word' id='word_1_861' title='bbox 1796 3289 1896 3342; x_wconf 86' lang='lat' dir='ltr'>permo-</span> 
     </span>
     <span class='ocr_line' id='line_1_120' title="bbox 1121 3334 1895 3411; baseline 0.019 -28"><span class='ocrx_word' id='word_1_862' title='bbox 1121 3338 1173 3393; x_wconf 86' lang='lat' dir='ltr'>tiis,</span> <span class='ocrx_word' id='word_1_863' title='bbox 1190 3348 1242 3387; x_wconf 93' lang='lat' dir='ltr'>nou</span> <span class='ocrx_word' id='word_1_864' title='bbox 1255 3334 1308 3404; x_wconf 81' lang='lat' dir='ltr'>jairi</span> <span class='ocrx_word' id='word_1_865' title='bbox 1323 3335 1426 3403; x_wconf 87' lang='lat' dir='ltr'>dubius,</span> <span class='ocrx_word' id='word_1_866' title='bbox 1443 3339 1488 3393; x_wconf 91' lang='lat' dir='ltr'>sed</span> <span class='ocrx_word' id='word_1_867' title='bbox 1503 3338 1593 3394; x_wconf 84' lang='lat' dir='ltr'>sirmas</span> <span class='ocrx_word' id='word_1_868' title='bbox 1606 3349 1633 3395; x_wconf 91' lang='lat' dir='ltr'>et</span> <span class='ocrx_word' id='word_1_869' title='bbox 1644 3354 1743 3402; x_wconf 81' lang='lat' dir='ltr'>certus.</span> <span class='ocrx_word' id='word_1_870' title='bbox 1755 3342 1895 3411; x_wconf 87' lang='lat' dir='ltr'>gloriosum</span> 
     </span>
     <span class='ocr_line' id='line_1_121' title="bbox 1120 3396 1896 3483; baseline 0.012 -27"><span class='ocrx_word' id='word_1_871' title='bbox 1120 3396 1281 3469; x_wconf 87' lang='lat' dir='ltr'>Stcpliaauni</span> <span class='ocrx_word' id='word_1_872' title='bbox 1293 3405 1328 3459; x_wconf 92' lang='lat' dir='ltr'>ibi</span> <span class='ocrx_word' id='word_1_873' title='bbox 1342 3416 1497 3475; x_wconf 76' lang='lat' dir='ltr'>presentem</span> <span class='ocrx_word' id='word_1_874' title='bbox 1510 3409 1633 3465; x_wconf 88' lang='lat' dir='ltr'>credebat</span> <span class='ocrx_word' id='word_1_875' title='bbox 1642 3410 1748 3471; x_wconf 80' lang='lat' dir='ltr'>adesse.</span> <span class='ocrx_word' id='word_1_876' title='bbox 1762 3413 1896 3483; x_wconf 85' lang='lat' dir='ltr'>ipsumque</span> 
     </span>
     <span class='ocr_line' id='line_1_122' title="bbox 1120 3472 1894 3551; baseline 0.017 -27"><span class='ocrx_word' id='word_1_877' title='bbox 1120 3472 1248 3528; x_wconf 85' lang='lat' dir='ltr'>occultata</span> <span class='ocrx_word' id='word_1_878' title='bbox 1261 3475 1324 3530; x_wconf 92' lang='lat' dir='ltr'>scde</span> <span class='ocrx_word' id='word_1_879' title='bbox 1336 3476 1471 3532; x_wconf 86' lang='lat' dir='ltr'>intendere</span> <span class='ocrx_word' id='word_1_880' title='bbox 1491 3494 1536 3545; x_wconf 92' lang='lat' dir='ltr'>se,</span> <span class='ocrx_word' id='word_1_881' title='bbox 1552 3488 1579 3533; x_wconf 88' lang='lat' dir='ltr'>ct</span> <span class='ocrx_word' id='word_1_882' title='bbox 1591 3481 1616 3534; x_wconf 92' lang='lat' dir='ltr'>iii</span> <span class='ocrx_word' id='word_1_883' title='bbox 1631 3495 1678 3534; x_wconf 86' lang='lat' dir='ltr'>sua</span> <span class='ocrx_word' id='word_1_884' title='bbox 1690 3496 1771 3535; x_wconf 83' lang='lat' dir='ltr'>caiisa</span> <span class='ocrx_word' id='word_1_885' title='bbox 1784 3481 1894 3551; x_wconf 81' lang='lat' dir='ltr'>jridtceai</span> 
     </span>
     <span class='ocr_line' id='line_1_123' title="bbox 1120 3540 1894 3620; baseline 0.019 -28"><span class='ocrx_word' id='word_1_886' title='bbox 1120 3540 1232 3607; x_wconf 90' lang='lat' dir='ltr'>sedere,</span> <span class='ocrx_word' id='word_1_887' title='bbox 1246 3545 1286 3598; x_wconf 85' lang='lat' dir='ltr'>vei</span> <span class='ocrx_word' id='word_1_888' title='bbox 1300 3545 1381 3615; x_wconf 82' lang='lat' dir='ltr'>jirdiei</span> <span class='ocrx_word' id='word_1_889' title='bbox 1395 3547 1528 3602; x_wconf 70' lang='lat' dir='ltr'>assistere.</span> <span class='ocrx_word' id='word_1_890' title='bbox 1548 3548 1612 3602; x_wconf 89' lang='lat' dir='ltr'>Nam</span> <span class='ocrx_word' id='word_1_891' title='bbox 1627 3565 1680 3615; x_wconf 90' lang='lat' dir='ltr'>quo</span> <span class='ocrx_word' id='word_1_892' title='bbox 1693 3551 1800 3620; x_wconf 89' lang='lat' dir='ltr'>plenius</span> <span class='ocrx_word' id='word_1_893' title='bbox 1813 3553 1894 3620; x_wconf 74' lang='lat' dir='ltr'>perie-</span> 
     </span>
     <span class='ocr_line' id='line_1_124' title="bbox 1120 3612 1894 3687; baseline 0.018 -24"><span class='ocrx_word' id='word_1_894' title='bbox 1120 3612 1240 3678; x_wconf 84' lang='lat' dir='ltr'>utiusque</span> <span class='ocrx_word' id='word_1_895' title='bbox 1258 3615 1291 3668; x_wconf 90' lang='lat' dir='ltr'>de</span> <span class='ocrx_word' id='word_1_896' title='bbox 1312 3617 1355 3669; x_wconf 86' lang='lat' dir='ltr'>tili</span> <span class='ocrx_word' id='word_1_897' title='bbox 1371 3617 1471 3672; x_wconf 88' lang='lat' dir='ltr'>visione</span> <span class='ocrx_word' id='word_1_898' title='bbox 1485 3633 1516 3670; x_wconf 90' lang='lat' dir='ltr'>ac</span> <span class='ocrx_word' id='word_1_899' title='bbox 1535 3621 1737 3687; x_wconf 75' lang='lat' dir='ltr'>praesentatione</span> <span class='ocrx_word' id='word_1_900' title='bbox 1752 3622 1837 3676; x_wconf 74' lang='lat' dir='ltr'>imici</span> <span class='ocrx_word' id='word_1_901' title='bbox 1852 3622 1894 3677; x_wconf 86' lang='lat' dir='ltr'>liei</span> 
     </span>
     <span class='ocr_line' id='line_1_125' title="bbox 1122 3680 1893 3753; baseline 0.016 -21"><span class='ocrx_word' id='word_1_902' title='bbox 1122 3680 1242 3736; x_wconf 87' lang='lat' dir='ltr'>ildriciam</span> <span class='ocrx_word' id='word_1_903' title='bbox 1264 3694 1387 3753; x_wconf 87' lang='lat' dir='ltr'>caperet,</span> <span class='ocrx_word' id='word_1_904' title='bbox 1412 3686 1653 3744; x_wconf 68' lang='lat' dir='ltr'>curtriacensis</span> <span class='ocrx_word' id='word_1_905' title='bbox 1675 3690 1799 3744; x_wconf 90' lang='lat' dir='ltr'>eumdem</span> <span class='ocrx_word' id='word_1_906' title='bbox 1822 3706 1893 3746; x_wconf 82' lang='lat' dir='ltr'>suuni</span> 
     </span>
     <span class='ocr_line' id='line_1_126' title="bbox 1120 3750 1893 3824; baseline 0.013 -21"><span class='ocrx_word' id='word_1_907' title='bbox 1120 3750 1328 3822; x_wconf 77' lang='lat' dir='ltr'>suffragatorem,</span> <span class='ocrx_word' id='word_1_908' title='bbox 1338 3757 1430 3824; x_wconf 89' lang='lat' dir='ltr'>suique</span> <span class='ocrx_word' id='word_1_909' title='bbox 1439 3757 1543 3823; x_wconf 76' lang='lat' dir='ltr'>iudiciis</span> <span class='ocrx_word' id='word_1_910' title='bbox 1553 3757 1828 3814; x_wconf 89' lang='lat' dir='ltr'>misericordissimum</span> <span class='ocrx_word' id='word_1_911' title='bbox 1837 3776 1893 3815; x_wconf 88' lang='lat' dir='ltr'>cen·</span> 
     </span>
     <span class='ocr_line' id='line_1_127' title="bbox 1119 3820 1894 3895; baseline 0.018 -23"><span class='ocrx_word' id='word_1_912' title='bbox 1119 3820 1274 3888; x_wconf 89' lang='lat' dir='ltr'>siliatarenr,</span> <span class='ocrx_word' id='word_1_913' title='bbox 1285 3824 1363 3878; x_wconf 89' lang='lat' dir='ltr'>etlam</span> <span class='ocrx_word' id='word_1_914' title='bbox 1378 3840 1456 3880; x_wconf 93' lang='lat' dir='ltr'>manu</span> <span class='ocrx_word' id='word_1_915' title='bbox 1470 3841 1517 3880; x_wconf 93' lang='lat' dir='ltr'>sua</span> <span class='ocrx_word' id='word_1_916' title='bbox 1527 3826 1631 3883; x_wconf 90' lang='lat' dir='ltr'>sibimet</span> <span class='ocrx_word' id='word_1_917' title='bbox 1642 3839 1815 3895; x_wconf 88' lang='lat' dir='ltr'>annuentem,</span> <span class='ocrx_word' id='word_1_918' title='bbox 1827 3839 1854 3884; x_wconf 91' lang='lat' dir='ltr'>et</span> <span class='ocrx_word' id='word_1_919' title='bbox 1863 3845 1894 3885; x_wconf 84' lang='lat' dir='ltr'>ae</span> 
     </span>
     <span class='ocr_line' id='line_1_128' title="bbox 1119 3890 1893 3966; baseline 0.018 -25"><span class='ocrx_word' id='word_1_920' title='bbox 1119 3890 1259 3958; x_wconf 89' lang='lat' dir='ltr'>quidquam</span> <span class='ocrx_word' id='word_1_921' title='bbox 1284 3908 1391 3961; x_wconf 89' lang='lat' dir='ltr'>prorsus</span> <span class='ocrx_word' id='word_1_922' title='bbox 1415 3896 1534 3958; x_wconf 90' lang='lat' dir='ltr'>timeret,</span> <span class='ocrx_word' id='word_1_923' title='bbox 1553 3911 1600 3966; x_wconf 86' lang='lat' dir='ltr'>per</span> <span class='ocrx_word' id='word_1_924' title='bbox 1625 3912 1732 3951; x_wconf 87' lang='lat' dir='ltr'>niarium</span> <span class='ocrx_word' id='word_1_925' title='bbox 1761 3898 1893 3955; x_wconf 85' lang='lat' dir='ltr'>dexterata</span> 
     </span>
     <span class='ocr_line' id='line_1_129' title="bbox 1119 3960 1891 4082; baseline 0.016 -69"><span class='ocrx_word' id='word_1_926' title='bbox 1119 3960 1319 4082; x_wconf 65' lang='lat' dir='ltr'>siqnisscantem.</span> <span class='ocrx_word' id='word_1_927' title='bbox 1330 3964 1453 4036; x_wconf 90' lang='lat' dir='ltr'>vultuque</span> <span class='ocrx_word' id='word_1_928' title='bbox 1463 3964 1538 4020; x_wconf 85' lang='lat' dir='ltr'>hilari</span> <span class='ocrx_word' id='word_1_929' title='bbox 1547 3966 1596 4020; x_wconf 88' lang='lat' dir='ltr'>sibi</span> <span class='ocrx_word' id='word_1_930' title='bbox 1606 3966 1776 4032; x_wconf 88' lang='lat' dir='ltr'>arridentem,</span> <span class='ocrx_word' id='word_1_931' title='bbox 1785 3977 1813 4024; x_wconf 90' lang='lat' dir='ltr'>et</span> <span class='ocrx_word' id='word_1_932' title='bbox 1822 3983 1891 4036; x_wconf 87' lang='lat' dir='ltr'>spero</span> 
     </span>
     <span class='ocr_line' id='line_1_130' title="bbox 1119 4031 1892 4103; baseline 0.012 -19"><span class='ocrx_word' id='word_1_933' title='bbox 1119 4043 1147 4084; x_wconf 88' lang='lat' dir='ltr'>sa</span> <span class='ocrx_word' id='word_1_934' title='bbox 1160 4031 1210 4084; x_wconf 87' lang='lat' dir='ltr'>iilis</span> <span class='ocrx_word' id='word_1_935' title='bbox 1223 4032 1401 4099; x_wconf 88' lang='lat' dir='ltr'>plenissimam</span> <span class='ocrx_word' id='word_1_936' title='bbox 1416 4034 1591 4103; x_wconf 90' lang='lat' dir='ltr'>pollicentem.</span> <span class='ocrx_word' id='word_1_937' title='bbox 1603 4034 1670 4102; x_wconf 84' lang='lat' dir='ltr'>Quid</span> <span class='ocrx_word' id='word_1_938' title='bbox 1682 4037 1892 4094; x_wconf 77' lang='lat' dir='ltr'>miiltaib&#39;ensiai</span> 
     </span>
    </p>
   </div>
   <div class='ocr_carea' id='block_1_11' title="bbox 1119 4102 1892 4231">
    <p class='ocr_par' dir='ltr' id='par_1_11' title="bbox 1119 4102 1892 4231">
     <span class='ocr_line' id='line_1_131' title="bbox 1119 4102 1892 4231; baseline 0.016 -79"><span class='ocrx_word' id='word_1_939' title='bbox 1119 4113 1225 4168; x_wconf 86' lang='lat' dir='ltr'>coepere</span> <span class='ocrx_word' id='word_1_940' title='bbox 1238 4102 1274 4156; x_wconf 95' lang='lat' dir='ltr'>ilii</span> <span class='ocrx_word' id='word_1_941' title='bbox 1289 4103 1394 4158; x_wconf 91' lang='lat' dir='ltr'>iirriales</span> <span class='ocrx_word' id='word_1_942' title='bbox 1406 4105 1520 4172; x_wconf 90' lang='lat' dir='ltr'>impetus</span> <span class='ocrx_word' id='word_1_943' title='bbox 1532 4105 1627 4172; x_wconf 85' lang='lat' dir='ltr'>judicis</span> <span class='ocrx_word' id='word_1_944' title='bbox 1641 4115 1827 4231; x_wconf 69' lang='lat' dir='ltr'>tumentesque</span> <span class='ocrx_word' id='word_1_945' title='bbox 1839 4108 1892 4164; x_wconf 90' lang='lat' dir='ltr'>ani·</span> 
     </span>
    </p>
   </div>
   <div class='ocr_carea' id='block_1_12' title="bbox 1110 4170 1891 5563">
    <p class='ocr_par' dir='ltr' id='par_1_12' title="bbox 1111 4170 1891 5336">
     <span class='ocr_line' id='line_1_132' title="bbox 1118 4170 1890 4246; baseline 0.014 -24"><span class='ocrx_word' id='word_1_946' title='bbox 1118 4170 1155 4223; x_wconf 92' lang='lat' dir='ltr'>mi</span> <span class='ocrx_word' id='word_1_947' title='bbox 1174 4170 1206 4224; x_wconf 90' lang='lat' dir='ltr'>ad</span> <span class='ocrx_word' id='word_1_948' title='bbox 1226 4186 1331 4227; x_wconf 90' lang='lat' dir='ltr'>ornnem</span> <span class='ocrx_word' id='word_1_949' title='bbox 1350 4175 1768 4246; x_wconf 87' lang='lat' dir='ltr'>tranquillitatemlenitatemque</span> <span class='ocrx_word' id='word_1_950' title='bbox 1797 4177 1890 4233; x_wconf 89' lang='lat' dir='ltr'>educi:</span> 
     </span>
     <span class='ocr_line' id='line_1_133' title="bbox 1118 4237 1890 4317; baseline 0.018 -25"><span class='ocrx_word' id='word_1_951' title='bbox 1118 4237 1153 4292; x_wconf 92' lang='lat' dir='ltr'>ita</span> <span class='ocrx_word' id='word_1_952' title='bbox 1165 4249 1193 4294; x_wconf 94' lang='lat' dir='ltr'>ut</span> <span class='ocrx_word' id='word_1_953' title='bbox 1202 4256 1252 4294; x_wconf 89' lang='lat' dir='ltr'>nair</span> <span class='ocrx_word' id='word_1_954' title='bbox 1264 4242 1414 4298; x_wconf 89' lang='lat' dir='ltr'>tormidaret</span> <span class='ocrx_word' id='word_1_955' title='bbox 1420 4244 1599 4313; x_wconf 81' lang='lat' dir='ltr'>judicem,scd</span> <span class='ocrx_word' id='word_1_956' title='bbox 1611 4258 1768 4315; x_wconf 89' lang='lat' dir='ltr'>agnosceret</span> <span class='ocrx_word' id='word_1_957' title='bbox 1776 4258 1890 4317; x_wconf 84' lang='lat' dir='ltr'>patrem:</span> 
     </span>
     <span class='ocr_line' id='line_1_134' title="bbox 1118 4310 1891 4385; baseline 0.009 -22"><span class='ocrx_word' id='word_1_958' title='bbox 1118 4323 1167 4364; x_wconf 89' lang='lat' dir='ltr'>trec</span> <span class='ocrx_word' id='word_1_959' title='bbox 1181 4310 1255 4380; x_wconf 79' lang='lat' dir='ltr'>eujus</span> <span class='ocrx_word' id='word_1_960' title='bbox 1266 4313 1379 4367; x_wconf 89' lang='lat' dir='ltr'>securim</span> <span class='ocrx_word' id='word_1_961' title='bbox 1391 4315 1468 4381; x_wconf 92' lang='lat' dir='ltr'>capiti</span> <span class='ocrx_word' id='word_1_962' title='bbox 1482 4328 1530 4368; x_wconf 91' lang='lat' dir='ltr'>sno</span> <span class='ocrx_word' id='word_1_963' title='bbox 1539 4314 1750 4384; x_wconf 87' lang='lat' dir='ltr'>pertimesceret,</span> <span class='ocrx_word' id='word_1_964' title='bbox 1764 4317 1811 4370; x_wconf 90' lang='lat' dir='ltr'>sed</span> <span class='ocrx_word' id='word_1_965' title='bbox 1822 4317 1891 4385; x_wconf 82' lang='lat' dir='ltr'>enjiis</span> 
     </span>
     <span class='ocr_line' id='line_1_135' title="bbox 1118 4376 1889 4451; baseline 0.013 -21"><span class='ocrx_word' id='word_1_966' title='bbox 1118 4376 1235 4435; x_wconf 84' lang='lat' dir='ltr'>savorem</span> <span class='ocrx_word' id='word_1_967' title='bbox 1249 4383 1360 4450; x_wconf 88' lang='lat' dir='ltr'>propriae</span> <span class='ocrx_word' id='word_1_968' title='bbox 1369 4383 1461 4437; x_wconf 90' lang='lat' dir='ltr'>salutis</span> <span class='ocrx_word' id='word_1_969' title='bbox 1473 4393 1599 4451; x_wconf 88' lang='lat' dir='ltr'>speraret.</span> <span class='ocrx_word' id='word_1_970' title='bbox 1608 4382 1631 4438; x_wconf 92' lang='lat'>0</span> <span class='ocrx_word' id='word_1_971' title='bbox 1640 4384 1763 4448; x_wconf 83' lang='lat' dir='ltr'>boariae,</span> <span class='ocrx_word' id='word_1_972' title='bbox 1775 4386 1889 4450; x_wconf 85' lang='lat' dir='ltr'>Domine,</span> 
     </span>
     <span class='ocr_line' id='line_1_136' title="bbox 1117 4448 1890 4522; baseline 0.01 -21"><span class='ocrx_word' id='word_1_973' title='bbox 1117 4448 1161 4518; x_wconf 91' lang='lat' dir='ltr'>qni</span> <span class='ocrx_word' id='word_1_974' title='bbox 1174 4464 1249 4503; x_wconf 86' lang='lat' dir='ltr'>veras</span> <span class='ocrx_word' id='word_1_975' title='bbox 1271 4461 1328 4506; x_wconf 91' lang='lat' dir='ltr'>tuas</span> <span class='ocrx_word' id='word_1_976' title='bbox 1346 4451 1438 4508; x_wconf 86' lang='lat' dir='ltr'>laudes</span> <span class='ocrx_word' id='word_1_977' title='bbox 1451 4454 1477 4506; x_wconf 92' lang='lat' dir='ltr'>in</span> <span class='ocrx_word' id='word_1_978' title='bbox 1487 4453 1569 4507; x_wconf 89' lang='lat' dir='ltr'>saeris</span> <span class='ocrx_word' id='word_1_979' title='bbox 1582 4453 1627 4507; x_wconf 91' lang='lat' dir='ltr'>tibi</span> <span class='ocrx_word' id='word_1_980' title='bbox 1640 4454 1749 4522; x_wconf 89' lang='lat' dir='ltr'>psalmis</span> <span class='ocrx_word' id='word_1_981' title='bbox 1761 4455 1890 4510; x_wconf 82' lang='lat' dir='ltr'>decantari</span> 
     </span>
     <span class='ocr_line' id='line_1_137' title="bbox 1116 4522 1889 4647; baseline 0.009 -75"><span class='ocrx_word' id='word_1_982' title='bbox 1116 4533 1168 4572; x_wconf 88' lang='lat' dir='ltr'>noir</span> <span class='ocrx_word' id='word_1_983' title='bbox 1181 4530 1342 4589; x_wconf 87' lang='lat' dir='ltr'>arroganter,</span> <span class='ocrx_word' id='word_1_984' title='bbox 1354 4522 1400 4576; x_wconf 88' lang='lat' dir='ltr'>seii</span> <span class='ocrx_word' id='word_1_985' title='bbox 1413 4522 1617 4578; x_wconf 88' lang='lat' dir='ltr'>misericorditer</span> <span class='ocrx_word' id='word_1_986' title='bbox 1624 4523 1714 4590; x_wconf 85' lang='lat' dir='ltr'>jabes:</span> <span class='ocrx_word' id='word_1_987' title='bbox 1730 4540 1783 4578; x_wconf 94' lang='lat' dir='ltr'>non</span> <span class='ocrx_word' id='word_1_988' title='bbox 1794 4541 1840 4647; x_wconf 53' lang='lat' dir='ltr'>qm</span> <span class='ocrx_word' id='word_1_989' title='bbox 1852 4535 1889 4578; x_wconf 84' lang='lat' dir='ltr'>tin</span> 
     </span>
     <span class='ocr_line' id='line_1_138' title="bbox 1115 4586 1889 4659; baseline 0.009 -19"><span class='ocrx_word' id='word_1_990' title='bbox 1115 4586 1250 4657; x_wconf 78' lang='lat' dir='ltr'>jactantia,</span> <span class='ocrx_word' id='word_1_991' title='bbox 1263 4591 1308 4644; x_wconf 91' lang='lat' dir='ltr'>sed</span> <span class='ocrx_word' id='word_1_992' title='bbox 1331 4606 1378 4659; x_wconf 90' lang='lat' dir='ltr'>pro</span> <span class='ocrx_word' id='word_1_993' title='bbox 1392 4602 1481 4646; x_wconf 86' lang='lat' dir='ltr'>nostra</span> <span class='ocrx_word' id='word_1_994' title='bbox 1494 4592 1584 4658; x_wconf 90' lang='lat' dir='ltr'>tutela,</span> <span class='ocrx_word' id='word_1_995' title='bbox 1598 4606 1658 4646; x_wconf 91' lang='lat' dir='ltr'>cuin</span> <span class='ocrx_word' id='word_1_996' title='bbox 1673 4592 1780 4656; x_wconf 90' lang='lat' dir='ltr'>dicitur,</span> <span class='ocrx_word' id='word_1_997' title='bbox 1819 4595 1889 4647; x_wconf 86' lang='lat' dir='ltr'>ndo-</span> 
     </span>
     <span class='ocr_line' id='line_1_139' title="bbox 1116 4658 1890 4734; baseline 0.006 -25"><span class='ocrx_word' id='word_1_998' title='bbox 1116 4658 1220 4712; x_wconf 83' lang='lat' dir='ltr'>minaia&#39;s</span> <span class='ocrx_word' id='word_1_999' title='bbox 1230 4661 1345 4728; x_wconf 82' lang='lat' dir='ltr'>potestati</span> <span class='ocrx_word' id='word_1_1000' title='bbox 1358 4661 1443 4726; x_wconf 84' lang='lat' dir='ltr'>maris,</span> <span class='ocrx_word' id='word_1_1001' title='bbox 1454 4669 1548 4714; x_wconf 85' lang='lat' dir='ltr'>malurn</span> <span class='ocrx_word' id='word_1_1002' title='bbox 1562 4669 1643 4715; x_wconf 87' lang='lat' dir='ltr'>aidcm</span> <span class='ocrx_word' id='word_1_1003' title='bbox 1656 4663 1779 4732; x_wconf 68' lang='lat' dir='ltr'>plurinum</span> <span class='ocrx_word' id='word_1_1004' title='bbox 1799 4666 1852 4734; x_wconf 68' lang='lat' dir='ltr'>eiras</span> <span class='ocrx_word' id='word_1_1005' title='bbox 1866 4673 1890 4716; x_wconf 90' lang='lat' dir='ltr'>tii</span> 
     </span>
     <span class='ocr_line' id='line_1_140' title="bbox 1115 4727 1890 4797; baseline 0.009 -18"><span class='ocrx_word' id='word_1_1006' title='bbox 1115 4727 1216 4797; x_wconf 76' lang='lat' dir='ltr'>mitigas</span> <span class='ocrx_word' id='word_1_1007' title='bbox 1234 4727 1319 4797; x_wconf 84' lang='lat' dir='ltr'>(Pral.</span> <span class='ocrx_word' id='word_1_1008' title='bbox 1337 4746 1468 4795; x_wconf 76' lang='lat' dir='ltr'>siriani,</span> <span class='ocrx_word' id='word_1_1009' title='bbox 1488 4730 1552 4793; x_wconf 80' lang='lat' dir='ltr'>tuit</span> <span class='ocrx_word' id='word_1_1010' title='bbox 1575 4728 1648 4786; x_wconf 88' lang='lat' dir='ltr'>Sicut</span> <span class='ocrx_word' id='word_1_1011' title='bbox 1667 4742 1799 4787; x_wconf 87' lang='lat' dir='ltr'>consonat</span> <span class='ocrx_word' id='word_1_1012' title='bbox 1816 4733 1890 4788; x_wconf 84' lang='lat' dir='ltr'>etiam</span> 
     </span>
     <span class='ocr_line' id='line_1_141' title="bbox 1115 4799 1889 4870; baseline 0.005 -19"><span class='ocrx_word' id='word_1_1013' title='bbox 1115 4799 1264 4869; x_wconf 90' lang='lat' dir='ltr'>evangelica</span> <span class='ocrx_word' id='word_1_1014' title='bbox 1282 4800 1431 4863; x_wconf 90' lang='lat' dir='ltr'>auctoritas,</span> <span class='ocrx_word' id='word_1_1015' title='bbox 1453 4799 1496 4854; x_wconf 92' lang='lat' dir='ltr'>ulii</span> <span class='ocrx_word' id='word_1_1016' title='bbox 1515 4801 1626 4870; x_wconf 89' lang='lat' dir='ltr'>imperio</span> <span class='ocrx_word' id='word_1_1017' title='bbox 1642 4800 1741 4856; x_wconf 86' lang='lat' dir='ltr'>Christi</span> <span class='ocrx_word' id='word_1_1018' title='bbox 1763 4803 1811 4867; x_wconf 91' lang='lat' dir='ltr'>tui,</span> <span class='ocrx_word' id='word_1_1019' title='bbox 1832 4801 1889 4856; x_wconf 90' lang='lat' dir='ltr'>dnar</span> 
     </span>
     <span class='ocr_line' id='line_1_142' title="bbox 1115 4864 1888 4936; baseline 0.008 -18"><span class='ocrx_word' id='word_1_1020' title='bbox 1115 4864 1290 4936; x_wconf 78' lang='lat' dir='ltr'>levigarentur</span> <span class='ocrx_word' id='word_1_1021' title='bbox 1301 4869 1444 4924; x_wconf 86' lang='lat' dir='ltr'>turbulenti</span> <span class='ocrx_word' id='word_1_1022' title='bbox 1460 4869 1554 4927; x_wconf 85' lang='lat' dir='ltr'>linctus</span> <span class='ocrx_word' id='word_1_1023' title='bbox 1566 4884 1597 4924; x_wconf 90' lang='lat' dir='ltr'>ac</span> <span class='ocrx_word' id='word_1_1024' title='bbox 1608 4873 1690 4933; x_wconf 86' lang='lat' dir='ltr'>veriti,</span> <span class='ocrx_word' id='word_1_1025' title='bbox 1704 4871 1833 4927; x_wconf 89' lang='lat' dir='ltr'>niirantes</span> <span class='ocrx_word' id='word_1_1026' title='bbox 1851 4870 1888 4926; x_wconf 90' lang='lat' dir='ltr'>di·</span> 
     </span>
     <span class='ocr_line' id='line_1_143' title="bbox 1114 4938 1888 5023; baseline 0.006 -35"><span class='ocrx_word' id='word_1_1027' title='bbox 1114 4951 1177 4991; x_wconf 84' lang='lat' dir='ltr'>xere</span> <span class='ocrx_word' id='word_1_1028' title='bbox 1189 4938 1307 5003; x_wconf 86' lang='lat' dir='ltr'>discipuli</span> <span class='ocrx_word' id='word_1_1029' title='bbox 1323 4957 1329 4991; x_wconf 95' lang='lat'>:</span> <span class='ocrx_word' id='word_1_1030' title='bbox 1347 4939 1435 5004; x_wconf 80' lang='lat' dir='ltr'>Qualia</span> <span class='ocrx_word' id='word_1_1031' title='bbox 1456 4949 1492 4993; x_wconf 83' lang='lat' dir='ltr'>ert</span> <span class='ocrx_word' id='word_1_1032' title='bbox 1512 4940 1562 5004; x_wconf 88' lang='lat' dir='ltr'>iiie,</span> <span class='ocrx_word' id='word_1_1033' title='bbox 1608 4939 1626 4991; x_wconf 89' lang='lat' dir='ltr'>ii</span> <span class='ocrx_word' id='word_1_1034' title='bbox 1645 4940 1752 5023; x_wconf 70' lang='lat' dir='ltr'>iniperrit</span> <span class='ocrx_word' id='word_1_1035' title='bbox 1772 4941 1850 4994; x_wconf 80' lang='lat' dir='ltr'>acatis</span> <span class='ocrx_word' id='word_1_1036' title='bbox 1868 4954 1888 4993; x_wconf 82' lang='lat' dir='ltr'>et</span> 
     </span>
     <span class='ocr_line' id='line_1_144' title="bbox 1113 4955 1888 5079; baseline 0.008 -21"><span class='ocrx_word' id='word_1_1037' title='bbox 1113 5007 1187 5068; x_wconf 87' lang='lat' dir='ltr'>mori,</span> <span class='ocrx_word' id='word_1_1038' title='bbox 1210 5016 1233 5059; x_wconf 87' lang='lat' dir='ltr'>ot</span> <span class='ocrx_word' id='word_1_1039' title='bbox 1249 5009 1364 5062; x_wconf 79' lang='lat' dir='ltr'>obedirent</span> <span class='ocrx_word' id='word_1_1040' title='bbox 1382 5010 1404 5062; x_wconf 90' lang='lat' dir='ltr'>ei</span> <span class='ocrx_word' id='word_1_1041' title='bbox 1422 5007 1496 5079; x_wconf 84' lang='lat' dir='ltr'>(Lae.</span> <span class='ocrx_word' id='word_1_1042' title='bbox 1514 5025 1569 5070; x_wconf 86' lang='lat' dir='ltr'>virt,</span> <span class='ocrx_word' id='word_1_1043' title='bbox 1583 4955 1655 5076; x_wconf 48' lang='lat' dir='ltr'>gbl?</span> <span class='ocrx_word' id='word_1_1044' title='bbox 1671 5009 1888 5076; x_wconf 78' lang='lat' dir='ltr'>latissimumque</span> 
     </span>
     <span class='ocr_line' id='line_1_145' title="bbox 1113 5075 1884 5148; baseline 0.006 -21"><span class='ocrx_word' id='word_1_1045' title='bbox 1113 5075 1270 5140; x_wconf 88' lang='lat' dir='ltr'>quodetiam</span> <span class='ocrx_word' id='word_1_1046' title='bbox 1288 5079 1349 5131; x_wconf 92' lang='lat' dir='ltr'>alibi</span> <span class='ocrx_word' id='word_1_1047' title='bbox 1362 5078 1387 5132; x_wconf 91' lang='lat' dir='ltr'>iii</span> <span class='ocrx_word' id='word_1_1048' title='bbox 1402 5093 1524 5133; x_wconf 91' lang='lat' dir='ltr'>seririutic</span> <span class='ocrx_word' id='word_1_1049' title='bbox 1534 5079 1675 5148; x_wconf 74' lang='lat' dir='ltr'>Scriptura</span> <span class='ocrx_word' id='word_1_1050' title='bbox 1694 5093 1778 5133; x_wconf 74' lang='lat' dir='ltr'>sacrat</span> <span class='ocrx_word' id='word_1_1051' title='bbox 1799 5080 1884 5135; x_wconf 90' lang='lat' dir='ltr'>dicitur</span> 
     </span>
     <span class='ocr_line' id='line_1_146' title="bbox 1112 5143 1887 5217; baseline 0.006 -19"><span class='ocrx_word' id='word_1_1052' title='bbox 1112 5143 1146 5198; x_wconf 87' lang='lat' dir='ltr'>de</span> <span class='ocrx_word' id='word_1_1053' title='bbox 1162 5155 1186 5200; x_wconf 91' lang='lat' dir='ltr'>te</span> <span class='ocrx_word' id='word_1_1054' title='bbox 1198 5163 1204 5199; x_wconf 91' lang='lat'>:</span> <span class='ocrx_word' id='word_1_1055' title='bbox 1217 5144 1339 5216; x_wconf 67' lang='lat' dir='ltr'>Carrenis</span> <span class='ocrx_word' id='word_1_1056' title='bbox 1352 5150 1378 5200; x_wconf 88' lang='lat' dir='ltr'>in</span> <span class='ocrx_word' id='word_1_1057' title='bbox 1390 5165 1466 5201; x_wconf 88' lang='lat' dir='ltr'>niirna</span> <span class='ocrx_word' id='word_1_1058' title='bbox 1478 5147 1587 5208; x_wconf 83' lang='lat' dir='ltr'>Dornini,</span> <span class='ocrx_word' id='word_1_1059' title='bbox 1596 5149 1659 5202; x_wconf 83' lang='lat' dir='ltr'>sicat</span> <span class='ocrx_word' id='word_1_1060' title='bbox 1671 5164 1737 5217; x_wconf 87' lang='lat' dir='ltr'>aqiia</span> <span class='ocrx_word' id='word_1_1061' title='bbox 1747 5149 1887 5213; x_wconf 73' lang='lat' dir='ltr'>decenne</span> 
     </span>
     <span class='ocr_line' id='line_1_147' title="bbox 1111 5215 1887 5336; baseline 0.006 -71"><span class='ocrx_word' id='word_1_1062' title='bbox 1111 5230 1265 5336; x_wconf 60' lang='lat' dir='ltr'>quacumque</span> <span class='ocrx_word' id='word_1_1063' title='bbox 1274 5217 1387 5281; x_wconf 81' lang='lat' dir='ltr'>aolncrb,</span> <span class='ocrx_word' id='word_1_1064' title='bbox 1403 5217 1464 5270; x_wconf 80' lang='lat' dir='ltr'>illue</span> <span class='ocrx_word' id='word_1_1065' title='bbox 1475 5217 1602 5286; x_wconf 87' lang='lat' dir='ltr'>detorquet</span> <span class='ocrx_word' id='word_1_1066' title='bbox 1614 5233 1670 5270; x_wconf 85' lang='lat' dir='ltr'>earn</span> <span class='ocrx_word' id='word_1_1067' title='bbox 1684 5215 1775 5285; x_wconf 79' lang='lat' dir='ltr'>(Prata.</span> <span class='ocrx_word' id='word_1_1068' title='bbox 1786 5233 1844 5281; x_wconf 84' lang='lat' dir='ltr'>xxi,</span> <span class='ocrx_word' id='word_1_1069' title='bbox 1854 5219 1887 5286; x_wconf 82' lang='lat' dir='ltr'>i).</span> 
     </span>
    </p>

    <p class='ocr_par' dir='ltr' id='par_1_13' title="bbox 1110 5285 1888 5563">
     <span class='ocr_line' id='line_1_148' title="bbox 1135 5285 1888 5356; baseline 0.007 -20"><span class='ocrx_word' id='word_1_1070' title='bbox 1135 5286 1240 5347; x_wconf 87' lang='lat' dir='ltr'>uenim,</span> <span class='ocrx_word' id='word_1_1071' title='bbox 1255 5285 1374 5349; x_wconf 83' lang='lat' dir='ltr'>litaniae,</span> <span class='ocrx_word' id='word_1_1072' title='bbox 1389 5285 1422 5340; x_wconf 92' lang='lat' dir='ltr'>dc</span> <span class='ocrx_word' id='word_1_1073' title='bbox 1435 5287 1566 5341; x_wconf 89' lang='lat' dir='ltr'>consulari</span> <span class='ocrx_word' id='word_1_1074' title='bbox 1582 5286 1646 5340; x_wconf 87' lang='lat' dir='ltr'>irata</span> <span class='ocrx_word' id='word_1_1075' title='bbox 1661 5287 1783 5354; x_wconf 88' lang='lat' dir='ltr'>primitiis</span> <span class='ocrx_word' id='word_1_1076' title='bbox 1795 5297 1822 5341; x_wconf 86' lang='lat' dir='ltr'>et</span> <span class='ocrx_word' id='word_1_1077' title='bbox 1835 5293 1888 5356; x_wconf 80' lang='lat' dir='ltr'>post</span> 
     </span>
     <span class='ocr_line' id='line_1_149' title="bbox 1111 5355 1876 5424; baseline 0.004 -18"><span class='ocrx_word' id='word_1_1078' title='bbox 1111 5355 1276 5420; x_wconf 90' lang='lat' dir='ltr'>tranquillata</span> <span class='ocrx_word' id='word_1_1079' title='bbox 1299 5365 1426 5422; x_wconf 90' lang='lat' dir='ltr'>potestate</span> <span class='ocrx_word' id='word_1_1080' title='bbox 1440 5372 1500 5424; x_wconf 87' lang='lat' dir='ltr'>eiga</span> <span class='ocrx_word' id='word_1_1081' title='bbox 1514 5356 1734 5424; x_wconf 88' lang='lat' dir='ltr'>dispensatorem,</span> <span class='ocrx_word' id='word_1_1082' title='bbox 1751 5357 1816 5411; x_wconf 90' lang='lat' dir='ltr'>iilud</span> <span class='ocrx_word' id='word_1_1083' title='bbox 1831 5373 1876 5409; x_wconf 83' lang='lat' dir='ltr'>rins</span> 
     </span>
     <span class='ocr_line' id='line_1_150' title="bbox 1111 5423 1887 5497; baseline 0.004 -21"><span class='ocrx_word' id='word_1_1084' title='bbox 1111 5423 1158 5477; x_wconf 92' lang='lat' dir='ltr'>tris</span> <span class='ocrx_word' id='word_1_1085' title='bbox 1171 5424 1330 5492; x_wconf 87' lang='lat' dir='ltr'>temporibus</span> <span class='ocrx_word' id='word_1_1086' title='bbox 1340 5424 1490 5489; x_wconf 85' lang='lat' dir='ltr'>ctbibiristi,</span> <span class='ocrx_word' id='word_1_1087' title='bbox 1503 5425 1572 5497; x_wconf 87' lang='lat' dir='ltr'>quod</span> <span class='ocrx_word' id='word_1_1088' title='bbox 1585 5426 1611 5478; x_wconf 91' lang='lat' dir='ltr'>iii</span> <span class='ocrx_word' id='word_1_1089' title='bbox 1625 5426 1732 5494; x_wconf 90' lang='lat' dir='ltr'>aritiqiia</span> <span class='ocrx_word' id='word_1_1090' title='bbox 1749 5426 1887 5495; x_wconf 75' lang='lat' dir='ltr'>Scriptura</span> 
     </span>
     <span class='ocr_line' id='line_1_151' title="bbox 1110 5493 1886 5563; baseline 0.001 -16"><span class='ocrx_word' id='word_1_1091' title='bbox 1110 5493 1264 5548; x_wconf 86' lang='lat' dir='ltr'>auctoritate</span> <span class='ocrx_word' id='word_1_1092' title='bbox 1279 5494 1351 5563; x_wconf 90' lang='lat' dir='ltr'>prius</span> <span class='ocrx_word' id='word_1_1093' title='bbox 1363 5493 1505 5551; x_wconf 71' lang='lat' dir='ltr'>inimicata</span> <span class='ocrx_word' id='word_1_1094' title='bbox 1520 5508 1545 5550; x_wconf 91' lang='lat' dir='ltr'>et</span> <span class='ocrx_word' id='word_1_1095' title='bbox 1556 5509 1661 5549; x_wconf 85' lang='lat' dir='ltr'>cursmn</span> <span class='ocrx_word' id='word_1_1096' title='bbox 1679 5495 1830 5550; x_wconf 84' lang='lat' dir='ltr'>blandiente</span> <span class='ocrx_word' id='word_1_1097' title='bbox 1847 5511 1886 5548; x_wconf 74' lang='lat' dir='ltr'>re</span> 
     </span>
    </p>
   </div>
   <div class='ocr_carea' id='block_1_13' title="bbox 1110 5634 1885 5763">
    <p class='ocr_par' dir='ltr' id='par_1_14' title="bbox 1110 5634 1885 5763">
     <span class='ocr_line' id='line_1_152' title="bbox 1141 5634 1885 5702; baseline 0 -15"><span class='ocrx_word' id='word_1_1098' title='bbox 1141 5640 1149 5670; x_wconf 87' lang='lat'><strong>¹</strong></span> <span class='ocrx_word' id='word_1_1099' title='bbox 1160 5645 1198 5688; x_wconf 72' lang='lat' dir='ltr'>te.</span> <span class='ocrx_word' id='word_1_1100' title='bbox 1205 5639 1349 5689; x_wconf 79' lang='lat' dir='ltr'>benedictini</span> <span class='ocrx_word' id='word_1_1101' title='bbox 1357 5645 1439 5688; x_wconf 88' lang='lat' dir='ltr'>notam</span> <span class='ocrx_word' id='word_1_1102' title='bbox 1449 5637 1518 5688; x_wconf 88' lang='lat' dir='ltr'>hicia</span> <span class='ocrx_word' id='word_1_1103' title='bbox 1526 5639 1646 5702; x_wconf 66' lang='lat' dir='ltr'>mamae:</span> <span class='ocrx_word' id='word_1_1104' title='bbox 1658 5636 1810 5701; x_wconf 71' lang='lat' dir='ltr'>degendum</span> <span class='ocrx_word' id='word_1_1105' title='bbox 1817 5634 1885 5695; x_wconf 63' lang='lat' dir='ltr'>msc.</span> 
     </span>
     <span class='ocr_line' id='line_1_153' title="bbox 1110 5699 1479 5763; baseline -0.005 -10"><span class='ocrx_word' id='word_1_1106' title='bbox 1110 5701 1219 5763; x_wconf 70' lang='lat' dir='ltr'>medat.</span> <span class='ocrx_word' id='word_1_1107' title='bbox 1231 5700 1279 5761; x_wconf 87' lang='lat' dir='ltr'>iel.</span> <span class='ocrx_word' id='word_1_1108' title='bbox 1291 5699 1415 5762; x_wconf 74' lang='lat' dir='ltr'>centur</span> <span class='ocrx_word' id='word_1_1109' title='bbox 1450 5705 1479 5748; x_wconf 67' lang='lat' dir='ltr'>bt</span> 
     </span>
    </p>
   </div>
   <div class='ocr_carea' id='block_1_14' title="bbox 0 0 1954 6390">
    <p class='ocr_par' dir='ltr' id='par_1_15' title="bbox 0 0 1954 6390">
     <span class='ocr_line' id='line_1_154' title="bbox 0 0 1954 6390; baseline 0 1"><span class='ocrx_word' id='word_1_1110' title='bbox 0 0 1954 6390; x_wconf 95' lang='lat' dir='ltr'> </span> 
     </span>
    </p>
   </div>
  </div>
 </body>
</html>
