3900 6390
153 291 189 347 2¹2
660 283 705 340 nn
718 280 876 339 civitella
894 280 962 350 list,
981 280 1010 338 S.
1029 280 1208 340 titcustlrtl
1737 282 1772 342 28

154 404 233 461 etiam
246 416 337 458 eorum
349 397 498 470 philosophi
506 403 724 466 contempserunt
743 395 783 468 (a)
795 413 803 450 z
816 402 844 451 et
864 408 935 463 supe

155 495 271 551 universi
286 492 432 557 exercitus,
447 490 510 546 dum
520 505 569 560 pro
583 497 691 544 terrena
705 488 789 559 patria
801 501 938 542 moreren-

155 597 217 654 tur,
235 585 279 642 ubi
290 592 381 655 postca
400 582 520 652 jacerent
530 621 539 646 ,
551 578 698 649 reiquibus
715 577 807 634 bestiis
817 591 878 633 esea
892 576 938 632 lle-

154 685 234 744 rent,
255 691 307 730 nou
322 680 448 729 curarunt
462 689 469 725 :
482 671 609 742 licuitque
617 668 651 726 de
663 668 716 726 bac
728 682 758 725 re
768 667 854 739 poetis
862 666 937 738 plau·

154 768 267 824 sibiliter
278 765 367 822 dicere
379 781 386 819 :

199 877 264 928 ooelo
277 877 377 940 tegitur,
388 887 431 939 qur
440 885 491 924 uon
500 871 577 923 habet
586 882 671 921 mam
683 866 730 935 (ir).

155 981 259 1051 Quanto
282 981 371 1035 minus
394 978 494 1034 debent
514 976 548 1033 de
567 973 723 1045 corporibus
746 970 884 1042 insepultis
896 970 936 1026 in·

155 1072 255 1128 sultare
266 1068 442 1133 Christianis,
463 1067 557 1138 quibus
568 1065 687 1136 etipsius
704 1063 792 1119 carnis
809 1070 837 1118 et
849 1075 935 1117 mem·

154 1162 263 1218 brorum
278 1159 396 1215 omnium
409 1156 563 1213 relormatio
574 1171 626 1211 non
640 1154 725 1210 solum
739 1163 870 1219 exterra,
884 1167 933 1208 re·

156 1269 216 1309 rum
227 1253 306 1308 mam
320 1266 353 1306 ex
369 1249 487 1313 ‚aliorum
506 1247 698 1303 elementomm
712 1244 889 1300 secretissimo
900 1243 937 1297 si-

156 1358 210 1410 nu,
223 1355 277 1412 quo
294 1340 393 1409 dilapso
407 1338 535 1393 cadavera
554 1343 738 1400 recesserunt,
761 1333 788 1388 in
809 1331 936 1401 temporis

155 1439 254 1503 punctu
267 1428 401 1486 reddenda
412 1436 445 1506 etp
457 1424 659 1498 redintegranda
677 1422 837 1496 promittitur
845 1421 868 1493 (l
876 1420 934 1477 Cor.

157 1537 208 1588 xv,
223 1520 285 1591 tall

173 1627 286 1688 CAPUT
298 1627 367 1684 xtlt.
379 1657 415 1669 -
429 1626 492 1695 Quor
516 1625 549 1681 sit
567 1624 634 1680 rutio
646 1631 790 1679 rsucmrum
811 1637 919 1693 corporo

472 1717 619 1790 sepeliendi.

191 1834 246 1892 lieo
257 1835 326 1891 'ideo
349 1843 437 1890 tamen
461 1830 652 1889 contemnenda
670 1837 698 1885 et
711 1826 857 1898 abjicienda
874 1836 937 1883 sunt

156 1939 268 1998 corpora
279 1925 482 1990 delunetorum,
497 1923 663 1992 maximeque
673 1920 805 1991 justorum
816 1926 896 1988 atquae
905 1916 936 1970 ll-

149 2018 273 2083 ‘delium,
288 2017 383 2086 quibus
407 2025 531 2085 tanquam
542 2012 647 2083 organis
667 2020 694 2067 et
707 2009 778 2066 rasis
792 2008 825 2065 ad
846 2007 935 2064 omnio

156 2107 225 2164 borna
239 2121 320 2176 opera
337 2113 447 2162 sanctus
467 2118 529 2160 usus
550 2111 592 2158 est
604 2101 728 2172 Spiritus.
741 2100 750 2133 ¹
767 2099 878 2155 sienim
891 2112 937 2168 pa·

157 2204 233 2253 terna
245 2197 327 2252 restis
339 2203 366 2252 et
382 2195 514 2260 annulus,
525 2206 558 2247 ac
569 2193 591 2247 si
602 2191 665 2263 quid
678 2189 847 2260 hujumodi,
864 2196 937 2243 tanto

156 2285 263 2341 charius
275 2293 315 2342 est
327 2285 438 2356 posteris
450 2323 458 2349 ,
470 2291 569 2354 quanto
586 2296 648 2352 ergo
659 2288 783 2353 parentes
796 2279 881 2350 major
898 2278 937 2335 al-

156 2373 258 2441 lectum
273 2375 345 2430 nullo
358 2374 438 2431 modo
448 2373 504 2445 ipsa
516 2371 665 2444 spernenda
673 2380 866 2441 contempora,
877 2387 937 2442 quae

157 2466 249 2536 utique
272 2465 356 2521 multo
381 2464 538 2520 lunriliarius
559 2461 834 2533 atqueeonjunctius,
857 2475 936 2532 quam

156 2556 282 2628 qualibet
303 2556 471 2622 indumenta,
484 2564 630 2626 postumus.
657 2553 719 2609 llaec
741 2553 811 2609 enim
836 2568 889 2608 nou
903 2551 937 2607 ad

157 2655 342 2704 oruamentum
353 2647 394 2703 vel
415 2645 593 2715 adiutorium,
606 2644 677 2715 quod
690 2643 829 2699 adhibetur
838 2644 937 2699 extrin-

156 2751 249 2804 secus,
263 2737 310 2792 sed
323 2735 356 2791 ad
370 2736 453 2806 ipsam
464 2744 584 2790 naturam
601 2733 714 2789 hominis
729 2733 869 2802 pertinent.
883 2732 939 2790 Un-

157 2827 232 2888 dect
254 2826 422 2897 antiquorum
441 2825 573 2895 justornm
585 2824 678 2879 lunera
699 2821 818 2878 olliciosa
840 2823 938 2891 pietate

159 2928 251 2975 curata
266 2927 338 2985 sunt,
351 2927 378 2973 et
390 2915 680 2987 exsequiaeoelebratae,
692 2924 719 2970 et
729 2915 864 2984 sepultura
874 2928 936 2985 pro-

158 3011 214 3065 risa
228 3008 304 3080 (Gen.
319 3024 387 3076 xxv,
408 3007 435 3074 9;
449 3022 535 3073 xxxv,
548 3006 600 3070 29;
613 3022 639 3070 ι,
651 3005 730 3072 Ὴὸ,
747 3003 807 3077 ete.)
819 3023 826 3059 ε
836 3005 939 3074 ipsiquo

156 3098 221 3154 dum
232 3098 366 3165 viverent,
389 3096 423 3152 de
435 3094 613 3167 sepeliendis,
627 3093 759 3150 ueletiam
778 3092 938 3148 transteren-

156 3187 272 3244 dissuis
295 3187 451 3258 corporibus
473 3185 535 3241 liliis
559 3183 750 3240 mandaverunt
775 3182 829 3255 (lt.
852 3199 936 3250 xerat,

156 3281 209 3349 29,
223 3280 272 3346 303
285 3280 360 3347 usti
373 3281 382 3346 l
394 3296 402 3335 ι
413 3289 441 3336 et
457 3279 553 3335 Tobios
565 3276 717 3348 sepeliendo
725 3288 845 3332 mortuos
855 3276 938 3331 ileum

157 3372 347 3444 promeruisse,
361 3377 429 3426 teste
440 3369 544 3439 angelo,
556 3368 757 3423 corumeudatur
771 3365 846 3439 (Tei.
860 3382 896 3431 n,
908 3365 936 3430 93

157 3478 195 3517 ιιι
207 3503 216 3529 ,
230 3459 286 3531 lh).
302 3460 360 3530 lpse
372 3473 477 3528 quoque
490 3458 616 3514 Dominus
628 3456 673 3512 die
683 3456 761 3512 tertio
775 3464 938 3511 resurrectu-

158 3567 205 3608 rus
215 3592 223 3616 ,
233 3550 363 3621 religiosae
374 3547 493 3603 mulieris
502 3547 600 3602 bonum
611 3561 678 3616 opus
690 3544 829 3615 praedicat,
843 3543 939 3613 praedi·

158 3640 325 3710 carrdnmqne
332 3637 501 3694 commendat
511 3678 520 3703 ,
532 3636 601 3706 quod
618 3641 780 3705 unguentum
793 3634 938 3704 pretiosum

160 3748 241 3805 super
252 3731 369 3788 membra
379 3728 581 3800 ejuselluderit,
591 3735 670 3797 atque
683 3725 734 3781 boc
745 3724 779 3780 ad
791 3740 851 3780 eum
861 3740 939 3794 sepe-

161 3823 279 3880 liendum
293 3821 386 3878 lecerit
395 3819 500 3892 (Marti.
516 3833 579 3873 arm
588 3859 596 3886 ,
606 3816 702 3887 lii-lb)
714 3855 722 3869 .
732 3815 939 3871 Etlaudahiliter

159 3919 402 3968 commemorantur
424 3909 450 3964 in
474 3907 617 3978 Evangelio
637 3905 683 3977 qui
706 3919 802 3975 corpus
821 3904 880 3975 ejus
904 3904 939 3961 ds

76 4019 80 4022 ·
159 4009 382 4071 cruoeaceeptum
393 3999 618 4069 diligenteratque
628 3995 773 4051 honorilice
784 3995 938 4066 tegendum,

158 4090 394 4161 sepeliendumque
412 4096 538 4144 curarunt
547 4086 558 4157 (
567 4084 645 4141 leae.
657 4099 721 4153 xix,
734 4083 938 4155 bii-lilinum

160 4186 218 4239 ista
230 4182 399 4239 auctoritates
410 4195 464 4236 nou
477 4179 528 4235 hoo
539 4178 704 4234 admonent¹
716 4217 725 4244 ,
738 4176 809 4247 quud
821 4175 883 4232 iusit
896 4174 938 4231 ul·

162 4275 205 4331 lus
228 4273 400 4331 cadaueribus
414 4286 528 4333 seusus:
549 4270 596 4326 sed
611 4269 644 4325 ad
662 4269 706 4325 liei
726 4268 937 4340 prouidentiam,

159 4366 202 4421 cui
213 4366 317 4437 placent
329 4365 409 4419 etiam
427 4362 487 4417 talia
500 4361 606 4431 pietatis
618 4359 722 4425 elicio,
743 4373 853 4429 corpora
868 4373 938 4429 qrro·

161 4471 213 4528 que
235 4464 399 4510 mortuomm
413 4452 547 4523 pertinere
560 4449 725 4521 signillcant,
737 4457 845 4519 propter
862 4448 938 4504 iidem

160 4546 364 4605 resurrectionis
386 4542 564 4599 estmendam.
593 4540 641 4598 Ubi
664 4549 691 4595 et
713 4539 776 4595 illud
799 4539 939 4594 salubriter

159 4640 285 4707 discitur,
299 4646 396 4708 quauta
421 4636 576 4706 pussitesse
599 4629 777 4686 remuneratio
797 4645 844 4698 pro
869 4628 940 4684 elee-

160 4731 292 4803 mosynis,
303 4744 369 4800 quas
382 4725 529 4782 uirentibus
542 4731 570 4780 et
581 4722 757 4777 sentientibus
768 4720 938 4787 exhibemus,

158 4823 182 4876 si
194 4836 280 4892 neque
294 4819 345 4875 boc
368 4817 436 4887 apud
452 4817 536 4871 ileum
562 4814 649 4882 perit,
669 4811 740 4882 quod
752 4811 880 4866 exanimis
895 4810 939 4866 bo

159 4912 260 4968 minum
271 4909 397 4966 membris
404 4906 484 4963 olbcii
494 4904 689 4976 diligentiaque
698 4901 865 4973 persolvitur.
872 4899 940 4957 Sunt

189 5045 198 5076 ¹
215 5043 364 5104 elenenses
378 5038 558 5116 meliurlsuotae
570 5043 637 5111 llas,
653 5041 733 5087 ammte
742 5047 799 5084 usus
815 5038 849 5083 est
866 5031 939 5097 spirl-

157 5105 250 5157 tustld
265 5103 520 5214 &affirmemus
538 5112 631 5152 memus
647 5104 729 5148 memo
750 5108 875 5157 corporum
893 5107 937 5144 usu

158 5167 319 5278 operam
333 5200 428 5287 quidam
440 5224 493 5274 libri
505 5224 669 5285 prohoemia,
681 5230 728 5268 non
741 5215 774 5265 ad
792 5213 836 5265 bec
855 5216 938 5265 aduro

158 5296 222 5340 trau.
234 5314 264 5326 -
275 5296 315 5337 us.
326 5287 380 5346 ihil,
399 5298 446 5335 uon
464 5285 508 5334 lros
523 5283 657 5341 admonent,
669 5277 829 5343 pretermissa
846 5277 939 5338 roomo,

158 5350 939 5525 adteffi‘uiugeuescyuicus,anaxagorasrheudorustpreuaeus,

158 5481 186 5586 ἓξ
196 5488 271 5598 {pise
288 5531 334 5590 92;
353 5532 493 5579 ciceronem
509 5529 534 5576 in
549 5527 624 5588 prima
634 5521 728 5573 'tuscul
744 5528 832 5581 Quaast.
853 5519 867 5568 l·
888 5520 938 5579 .l,

157 5596 367 5664 captaetseqn
407 5652 412 5663 Ι
447 5652 463 5670 „
669 5645 695 5656 ..
814 5645 819 5656 Ι

190 5653 226 5719 (l)
239 5664 352 5712 tircanus,
362 5667 385 5701 m
397 5651 439 5701 lrh.
453 5669 471 5711 r,
485 5663 509 5698 v.
520 5648 575 5703 lilii,
586 5646 710 5696 deooersrs
718 5641 848 5694 musairo
859 5653 939 5707 pugna

158 5721 270 5785 mqueus,
282 5729 342 5781 ques
350 5723 426 5766 caesar
436 5711 542 5764 ermburi
554 5715 595 5760 ant
605 5707 697 5758 humari
709 5705 793 5758 uetuit.

238 5505 248 5523 .
258 5471 315 5521 tide
330 5476 453 5525 senecam,
463 5467 504 5516 lib.
516 5467 548 5515 de
558 5463 738 5526 ‘marrqrnllitate
748 5461 829 5519 animi,
838 5472 865 5510 (a
883 5494 890 5506 .
900 5458 938 5518 lt,
1008 5467 1040 5516 eg

991 394 1096 464 quinem
1109 401 1137 451 et
1150 394 1220 463 alia,
1235 411 1295 466 quse
1306 397 1390 452 sancti
1401 394 1560 452 Patriarchae
1570 392 1603 451 de
1613 395 1769 466 corporibus

989 483 1045 539 suis
1058 484 1100 540 vel
1119 484 1265 541 condendis
1283 485 1325 542 vel
1345 485 1535 542 transferendis
1548 485 1770 557 proplretieospi-

989 575 1041 630 ritu
1055 575 1122 631 diota
1133 576 1240 647 intelligi
1251 577 1405 634 voluerunt:
1415 593 1468 633 non
1479 586 1566 634 autern
1580 577 1623 634 hic
1632 577 1707 634 loeus
1715 587 1770 644 cst,

988 673 1019 721 ut
1030 680 1060 721 ea
1075 676 1281 737 pertractemus,
1291 684 1352 724 cum
1365 669 1496 726 suliciant
1506 671 1556 727 ista
1569 686 1628 742 qnia
1639 668 1769 727 diximus.

988 752 1042 812 Sed
1052 758 1074 812 si
1089 773 1120 814 ea
1132 774 1192 830 quae
1205 759 1385 817 sustentandis
1397 761 1546 818 virentibus
1570 767 1633 818 sunt
1643 776 1769 824 necessa·

988 844 1046 912 ria,
1062 847 1130 903 sicut
1141 848 1227 906 rictus
1244 858 1271 907 et
1282 849 1409 918 amictus,
1424 853 1544 923 quamvis
1563 868 1623 908 eum
1639 852 1713 925 grani
1729 850 1771 909 al·

987 933 1103 993 dictione
1115 936 1287 1008 desint‚‘non
1297 939 1419 1013 lrangunt
1437 941 1464 996 iu
1475 941 1550 998 bonis
1563 940 1712 1013 perferendi
1725 951 1769 998 to-

988 1026 1142 1097 lerandique
1156 1031 1301 1099 virtutem,
1328 1047 1378 1088 nec
1390 1032 1525 1089 eradicant
1537 1047 1570 1089 cx
1582 1032 1670 1089 arrimo
1683 1033 1770 1104 pieta-

989 1112 1060 1185 lem,
1081 1119 1129 1175 sed
1152 1121 1322 1178 exercitatam
1337 1121 1437 1178 iaciunt
1450 1121 1630 1179 fecundiorem
1646 1139 1653 1178 :
1668 1131 1770 1196 quanto

987 1210 1085 1280 magis,
1105 1226 1165 1267 cum
1177 1212 1315 1269 desuntea
1328 1228 1387 1284 quor
1407 1213 1531 1270 curandis
1550 1213 1687 1271 funeribus
1704 1230 1770 1270 con·

987 1299 1134 1371 dentisque
1155 1305 1310 1376 corporibus
1324 1305 1507 1361 deiunctomm
1520 1305 1641 1362 adhiberi
1662 1305 1766 1374 solent,

987 1405 1040 1445 non
1055 1390 1174 1448 eiliciunt
1186 1394 1298 1450 miseros
1313 1394 1339 1450 in
1351 1395 1462 1451 occultis
1472 1395 1575 1465 piorum
1592 1395 1699 1453 sedibus
1711 1395 1768 1468 jam

987 1482 1111 1552 quietosl
1131 1486 1171 1539 hc
1180 1500 1228 1554 per
1242 1484 1311 1552 boc,
1326 1484 1431 1556 quando
1449 1487 1499 1542 ista
1509 1486 1768 1544 cadaveribnstrl-

987 1570 1132 1627 stianonrm
1143 1573 1170 1628 iu
1181 1573 1421 1646 illamagnaeurbis,
1432 1577 1563 1634 ueletiam
1573 1577 1768 1651 aliorumoppi-

987 1661 1081 1719 dorum
1091 1667 1237 1722 vastatione
1249 1666 1403 1736 deluemnt;
1418 1684 1467 1726 nec
1479 1671 1600 1726 rivorum
1614 1670 1690 1743 culpa
1707 1680 1766 1742 est,

986 1755 1032 1825 qrri
1046 1771 1099 1812 non
1113 1766 1257 1827 potueruut
1268 1759 1318 1816 ista
1332 1761 1470 1832 praebere,
1492 1778 1542 1820 uec
1554 1778 1634 1836 poena
1645 1773 1768 1821 mortuo-

986 1860 1066 1915 rum,
1081 1847 1126 1919 qui
1136 1864 1189 1904 nou
1202 1858 1313 1922 possum
1323 1853 1373 1909 ista
1386 1852 1495 1910 sentire.

987 1978 1100 2038 CAPUT
1125 1981 1271 2039 xlii-De
1281 1986 1422 2057 captiuitute
1434 1997 1591 2056 meatorum,
1603 1989 1691 2061 quibua
1704 2006 1769 2045 ruer·

1161 2088 1236 2142 mam
1248 2073 1332 2129 dioirto
1346 2075 1438 2130 solatia
1446 2076 1590 2148 defuerunt.

1022 2199 1076 2256 Sed
1091 2201 1178 2271 multi,
1191 2202 1313 2275 inquiunt
1324 2245 1332 2271 ,
1345 2204 1485 2262 Christiani
1498 2208 1577 2263 etiam
1588 2208 1684 2280 captivi
1715 2211 1769 2268 ueti

988 2300 1060 2345 sunt.
1073 2290 1130 2348 lloe
1142 2306 1206 2349 sans
1217 2294 1394 2351 miserrimum
1407 2304 1458 2364 est,
1469 2297 1491 2352 si
1505 2299 1594 2368 aliquo
1605 2298 1664 2355 duci
1675 2210 1770 2370 egue-
1804 2274 1809 2287 ⁸

988 2382 1111 2450 ruut‚ubi
1121 2383 1203 2441 ileum
1214 2400 1290 2441 suum
1299 2389 1600 2446 noninrcneruut.'Suut
1612 2392 1638 2447 in
1649 2393 1770 2465 Scriptu-

988 2472 1025 2528 ris
1046 2475 1145 2529 sanctis
1154 2475 1232 2546 huius
1244 2477 1323 2533 ctiam
1334 2478 1417 2534 cladis
1433 2495 1525 2551 magna
1537 2483 1639 2537 solatia.
1649 2483 1770 2541 Fuerunt

988 2563 1015 2619 iu
1028 2566 1179 2637 captivitate
1193 2577 1248 2625 tres
1259 2569 1343 2640 pueri,
1357 2569 1406 2625 luit
1418 2570 1520 2639 llaniel,
1537 2571 1641 2630 luerunt
1650 2576 1693 2631 alii
1709 2592 1770 2647 pro·

988 2658 1094 2728 phetae:
1120 2674 1170 2715 nec
1193 2660 1262 2716 bens
1284 2660 1368 2718 deluit
1388 2664 1548 2719 consolator.
1573 2665 1617 2721 Sic
1638 2682 1702 2739 ergo
1715 2683 1768 2724 non

988 2746 1104 2804 desemlt
1119 2749 1211 2806 fideles
1234 2766 1299 2807 suos
1317 2752 1367 2808 sub
1388 2752 1567 2811 dominatione
1588 2757 1770 2826 gentis,lioet

988 2836 1117 2907 barbara,
1133 2846 1221 2896 umen
1237 2838 1378 2908 humanae,
1393 2843 1438 2914 qui
1449 2844 1607 2914 prophetam
1620 2862 1672 2902 nun
1687 2848 1768 2905 dese-

988 2930 1041 2984 ruit
1054 2946 1104 2986 uec
1115 2931 1142 2985 iu
1157 2932 1300 2988 visceribus
1312 2935 1406 2990 belluae
1435 2935 1445 3007 (
1460 2936 1535 2991 lone
1550 2952 1569 2991 n
1581 2935 1602 3010 ).
1625 2939 1686 2993 liaec
1700 2955 1768 3010 quo·

988 3035 1040 3091 que
1051 3020 1101 3087 illi,
1115 3036 1175 3077 cum
1188 3023 1282 3094 quibus
1296 3026 1398 3096 agimus
1412 3067 1419 3093 ,
1437 3027 1540 3084 malunt
1551 3029 1660 3084 irridere
1671 3070 1678 3095 ,
1689 3046 1770 3102 quum

988 3111 1097 3168 credero
1111 3129 1118 3166 :
1135 3114 1180 3184 qui
1204 3124 1291 3169 umen
1313 3115 1339 3170 in
1352 3116 1407 3171 suis
1416 3117 1510 3172 litteris
1522 3117 1632 3173 credunt
1645 3120 1769 3176 Arionem

987 3201 1200 3273 Methymnaeam,
1215 3204 1406 3261 nobilissimum
1426 3205 1607 3275 citharistam,
1620 3224 1680 3263 cum
1698 3219 1770 3266 esset

988 3291 1109 3362 dejectus
1121 3308 1137 3349 e
1151 3293 1223 3361 nari,
1240 3304 1378 3365 exceptum
1390 3294 1506 3366 delphini
1516 3297 1596 3352 dorso
1608 3337 1616 3363 ,
1627 3307 1655 3354 et
1668 3299 1700 3353 ad
1714 3307 1769 3355 ter·

988 3398 1099 3440 rasesse
1109 3394 1263 3455 perrectum
1274 3385 1324 3458 (a).
1338 3385 1436 3442 ilerum
1449 3387 1513 3443 illud
1524 3398 1642 3444 nostrum
1654 3391 1688 3446 de
1702 3390 1768 3446 lorea

989 3475 1116 3545 propbeta
1130 3476 1312 3532 incredibilius
1325 3485 1374 3533 est.
1390 3478 1471 3533 Plane
1492 3477 1692 3547 incredibilius,
1706 3482 1768 3553 qrria

988 3564 1153 3632 mirabilius3
1167 3576 1194 3621 et
1210 3565 1367 3635 mirabilius,
1382 3567 1443 3637 quia
1455 3569 1596 3639 potentius.

989 3675 1100 3733 CAPUT
1122 3676 1256 3733 itt-ue
1265 3678 1363 3750 nuato
1375 3719 1383 3745 ,
1393 3679 1420 3733 s'u
1432 3695 1481 3750 quo
1494 3681 1651 3748 captiuitatis,
1670 3682 1700 3736 oi
1713 3683 1769 3738 reli·

1023 3770 1123 3840 pionem
1135 3769 1210 3824 etiam
1229 3780 1317 3840 sponte
1337 3770 1489 3837 cotronae,
1511 3781 1591 3826 maol
1610 3772 1770 3844 metopium:

1023 3863 1179 3934 quodtomeu
1192 3862 1231 3918 itta·
1249 3863 1309 3918 deos
1319 3863 1410 3918 colenti
1421 3863 1538 3932 prodesse
1548 3881 1598 3920 osu
1609 3865 1698 3936 potuit.

1024 3997 1051 4052 l.
1066 3994 1170 4051 liabent
1183 4003 1269 4050 tamen
1282 3994 1326 4050 isti
1338 3994 1371 4050 de
1378 3994 1529 4065 captivitate
1542 3996 1676 4067 religionis
1689 4012 1768 4054 causa

989 4088 1068 4144 etiam
1084 4097 1180 4158 sponte
1192 4086 1327 4142 toleranda
1342 4096 1369 4143 et
1383 4087 1408 4141 in
1422 4087 1477 4143 suis
1497 4087 1632 4158 preclaris
1642 4087 1707 4143 uiris
1719 4105 1769 4145 no-

989 4181 1146 4238 bilissimum
1173 4178 1331 4250 exemplum.
1368 4178 1471 4235 llarcus
1498 4180 1604 4235 littilius
1630 4181 1769 4252 liegmus,

990 4272 1136 4343 imperator
1151 4270 1240 4341 populi
1265 4269 1397 4336 Romani,
1422 4271 1541 4340 captiuus
1551 4271 1620 4340 apud
1635 4271 1771 4344 Carthagi·

990 4376 1087 4419 nenses
1101 4360 1148 4416 luit
1162 4359 1209 4433 (l).
1222 4359 1272 4440 Qui
1284 4375 1344 4416 curn
1356 4359 1406 4415 sihi
1420 4360 1528 4415 mallent
1544 4360 1696 4417 aliomanis
1707 4376 1770 4419 suos

990 4452 1077 4521 reddi,
1091 4468 1171 4522 quam
1184 4466 1276 4507 eorum
1285 4459 1376 4507 tencre
1387 4451 1514 4522 captivos,
1526 4450 1558 4505 ad
1569 4450 1619 4505 hoc
1628 4452 1772 4522 impetran-

989 4545 1051 4601 dum
1076 4545 1156 4600 etiarn
1182 4543 1259 4598 istum
1287 4543 1419 4614 praecipue
1443 4542 1571 4614 Regulum
1597 4557 1657 4598 cum
1679 4544 1772 4616 legatis

989 4640 1045 4694 suis
1057 4639 1170 4694 llomam
1185 4637 1313 4693 miserunt
1326 4677 1334 4703 ,
1346 4637 1420 4708 prius
1432 4636 1565 4706 juratione
1586 4637 1769 4706 cerrstrietum,

989 4729 1011 4784 si
1024 4729 1094 4800 quud
1106 4728 1230 4783 volebant
1242 4726 1351 4782 minime
1363 4727 1510 4797 peregisset
1524 4766 1532 4790 ‚
1553 4726 1700 4782 rediturum
1710 4743 1771 4786 esse

989 4820 1185 4892 Carthaginem.
1200 4819 1318 4875 Perrexit
1330 4817 1385 4882 ille,
1399 4827 1478 4888 atque
1492 4817 1519 4871 in
1532 4827 1625 4872 senatu
1638 4825 1771 4876 contraria

989 4912 1141 4985 persuasit,
1155 4910 1279 4980 quoniam
1301 4922 1354 4963 uon
1377 4906 1552 4962 arbitrabatur
1564 4906 1628 4963 utile
1642 4922 1701 4964 esse
1714 4909 1771 4965 lio·

1020 5144 1046 5207 (a
1077 5140 1204 5192 arlonisex
1214 5132 1355 5195 netbgmua,
1365 5129 1434 5179 tesbi
1445 5128 1529 5179 insulae
1539 5131 1634 5192 oppido,
1647 5133 1773 5187 citharoedi

989 5208 1045 5258 iabu
1054 5218 1094 5256 am
1104 5201 1151 5251 scri
1181 5201 1199 5249 it
1215 5194 1347 5246 tterodotus
1357 5190 1418 5240 libro
1429 5198 1545 5240 ltusarum
1553 5195 1636 5254 primu,
1653 5207 1721 5257 capp,
1731 5196 1772 5256 25,

989 5263 1145 5321 haltiucoui
1161 5256 1316 5371 prasiorum,
1326 5250 1771 5320 buroarcrsuttetseqrpeoetnus,

1022 5327 1213 5454 (orssrhgl'omen
1226 5376 1326 5437 attilius,
1336 5374 1405 5424 abest
1415 5375 1502 5424 atiud.
1516 5383 1559 5425 eta
1569 5384 1621 5426 loss.
1629 5385 1693 5427 nanc
1703 5382 1773 5430 staret

990 5460 1006 5504 lt
1040 5449 1075 5500 ull
1085 5447 1223 5501 historiam,
1240 5439 1280 5504 qui
1293 5438 1368 5501 primo
1386 5437 1473 5486 mules
1492 5436 1562 5487 hello¹
1578 5437 1661 5487 wnsul
1676 5452 1731 5489 cum
1746 5447 1771 5491 t..

990 5511 1076 5564 manlio
1087 5506 1189 5556 vulsone
1199 5509 1304 5560 creatus,
1317 5499 1452 5548 exercitum
1463 5499 1489 5546 iu
1506 5501 1605 5548 ulricum
1616 5506 1773 5553 homanorum

999 5577 1081 5625 rriruus
1087 5569 1190 5631 uajeoiu,
1197 5572 1223 5616 et
1229 5565 1259 5613 ab
1268 5562 1408 5611 hostibusffl
1426 5559 1770 5622 lusesereleruntsmellius,

991 5591 1034 5686 ln.
1043 5633 1068 5693 il,
1078 5644 1131 5693 cap.
1143 5628 1171 5688 lu
1184 5628 1308 5691 appianus,
1320 5621 1352 5671 de
1368 5573 1438 5672 setlle
1446 5621 1546 5683 Punicis,
1553 5633 1605 5684 esp.
1624 5620 1649 5683 l,
1662 5620 1771 5688 ruotgerus

992 5699 1034 5749 lib.
1054 5691 1183 5795 hennil,
1199 5697 1224 5741 et
1235 5687 1274 5737 alii
1285 5681 1406 5750 permulti.
