3900 6390
155 375 208 432 ll't‘l

154 484 267 544 CAPUT
280 483 350 539 xxi.
364 511 400 524 -
412 480 450 535 De
461 479 559 550 reqibttt
578 485 632 548 pest
653 474 832 535 Solenreuem,
848 472 898 525 tite
910 469 938 523 itt

394 572 482 636 toea.
497 572 549 625 sius
560 571 588 624 itt
600 566 693 622 isreel.

189 707 284 763 Csctcri
300 714 358 777 post
369 704 539 759 Salomonem
554 716 629 772 rrqcs
643 698 813 754 liebrcorum
833 696 876 752 rix
896 695 938 752 ln·

155 798 295 852 veniuntur
308 809 356 866 per
367 795 455 864 aliqua
474 793 612 862 aenigmata
627 790 757 845 dictorum
772 803 880 842 suerrun
896 801 939 842 re·

155 902 248 945 minate
257 895 393 957 gestarum
403 926 411 952 ,
421 884 491 955 quod
503 884 535 937 ad
545 880 678 939 Christum
689 890 716 936 et
727 880 872 937 Ecclesiam
886 894 941 948 per·

158 979 260 1047 tincas,
274 975 445 1047 prophetasse
459 1017 466 1041 ‚
479 974 537 1029 sive
549 975 574 1028 iu
586 971 651 1028 luda
664 1013 672 1039 ,
686 973 777 1027 sivein
792 971 882 1026 lsrael.
896 970 941 1026 Sic

155 1071 228 1126 enim
252 1068 390 1139 appellatae
413 1075 474 1122 sunt
495 1066 564 1122 illius
590 1065 677 1136 populi
700 1073 807 1134 partes,
832 1078 865 1118 ex
888 1077 941 1134 que

157 1169 265 1230 propter
285 1158 433 1213 Salomonis
450 1156 576 1212 offensam
598 1167 715 1226 ternpore
738 1154 783 1209 lilii
802 1154 860 1224 eius
887 1155 940 1209 ite-

157 1251 253 1318 boam,
268 1250 313 1321 qui
326 1249 394 1321 patri
409 1249 537 1304 successit
549 1247 575 1303 in
587 1262 696 1317 regnum
709 1289 716 1313 ,
728 1246 782 1301 lieo
791 1246 941 1301 vindicante

156 1341 256 1396 diuisus
266 1349 316 1397 est.
328 1340 443 1395 Proinde
454 1339 538 1394 tribus
548 1338 640 1394 decern
652 1380 659 1406 ,
675 1353 740 1408 quas
752 1338 853 1409 accepit
866 1336 942 1392 lero·

156 1434 234 1488 boam
248 1448 342 1488 sersus
354 1433 504 1488 Salomonis
516 1471 524 1496 ,
537 1446 582 1485 ret
593 1431 632 1485 cis
643 1431 668 1484 in
681 1431 800 1497 Somnia
813 1429 942 1485 constitu·

157 1535 199 1578 tus
212 1563 221 1590 ,
237 1523 344 1593 proprie
357 1523 519 1578 rmaoannrr
530 1519 609 1575 israel
620 1562 627 1585 ,
639 1522 759 1592 quamvis
767 1522 818 1576 ltoc
826 1522 941 1577 ottircrsi

156 1613 247 1683 populi
270 1612 340 1667 illius
360 1627 458 1667 nertteu
479 1620 560 1667 esset.
586 1611 692 1666 Duabus
713 1627 778 1666 rere
801 1612 940 1680 tribubus,

156 1700 232 1756 ludas
246 1701 348 1756 seilicet
362 1710 389 1755 ct
404 1699 560 1770 Beniamin,
584 1715 644 1770 qum
665 1712 773 1771 propter
795 1701 892 1765 David,
909 1716 943 1758 oc

155 1792 263 1862 penitus
276 1805 386 1861 regnum
400 1791 490 1861 stirpis
504 1789 563 1860 ejus
583 1788 678 1845 luisset
697 1790 876 1856 eradicatum,
900 1805 944 1846 re-

157 1892 310 1938 manserunt
323 1882 491 1953 subjaeentes
504 1882 602 1937 civitati
615 1881 762 1937 Jerusalem
775 1924 783 1947 ,
803 1882 878 1938 lude
893 1898 942 1938 ne·

157 1989 219 2032 naen
232 1972 283 2030 luit
294 1992 300 2029 :
313 1975 375 2045 quia
388 1974 444 2046 ipsa
454 1984 511 2030 erat
525 1973 609 2030 tribus
620 1975 690 2030 unde
703 1973 794 2030 Dauid.
806 1973 942 2045 &summio

156 2081 221 2122 tore
235 2067 318 2123 tribus
330 2069 413 2122 altera
427 2066 459 2120 ad
473 2065 543 2121 idem
556 2081 684 2136 regnum,
700 2067 768 2121 sicut
789 2066 843 2121 dixi
858 2109 866 2133 ,
881 2081 943 2136 per·

157 2158 264 2222 tineus,
290 2165 348 2212 erat
371 2156 443 2212 unde
463 2154 513 2210 luit
535 2152 597 2211 Saial
619 2171 665 2210 res
688 2167 750 2210 ante
772 2156 864 2211 Dauid.
891 2155 944 2213 Sed

158 2247 237 2304 drani
250 2248 309 2303 istae
319 2246 378 2302 duee
391 2247 497 2314 tribus,
512 2255 541 2302 ut
553 2246 720 2312 dictumest,
734 2246 801 2303 luda
812 2247 944 2302 uocaltao·

157 2345 218 2403 tnr;
232 2347 259 2393 ct
272 2336 322 2392 boc
335 2336 442 2392 nomine
454 2336 674 2392 discernebantur
684 2337 718 2391 ab
730 2336 809 2392 lsrael
823 2379 831 2405 ,
843 2337 917 2408 quod
932 2339 942 2371 ¹

156 2426 358 2497 appellabantur
370 2427 476 2497 proprie
495 2426 587 2482 decern
610 2427 695 2482 tribus
714 2426 845 2484 habentes
866 2442 943 2484 strunt

156 2532 256 2588 regem.
271 2517 337 2573 Nam
353 2518 437 2573 tribus
452 2517 534 2582 Leti,
549 2505 673 2590 qnoniam
687 2518 859 2575 sacerdotalis
875 2519 942 2589 luit,

158 2607 206 2662 liei
218 2647 227 2676 ,
241 2621 294 2662 nen
311 2622 401 2678 regum
417 2608 526 2663 sertitle
546 2608 714 2678 mancipata,
740 2611 816 2664 tertia
841 2608 944 2667 declina

156 2701 353 2755 ttutnerabatur.
373 2701 471 2771 loscplt
487 2701 584 2772 quippe
597 2716 665 2756 unus
679 2717 712 2756 cx
725 2701 865 2758 duodecim
879 2703 941 2759 liliis

157 2790 258 2860 lsrael,
273 2808 326 2847 non
342 2806 420 2848 uuam
433 2832 441 2857 ,
455 2793 525 2848 sicut
538 2795 628 2848 caeteri
649 2795 785 2865 singulas,
808 2796 855 2852 sed
877 2797 944 2852 deas

157 2882 242 2938 tribus
267 2883 346 2949 lecit,
374 2883 497 2952 Eplrraetn
523 2893 551 2939 et
575 2884 725 2941 Manassen.
754 2886 942 2944 Verumtamen

157 2975 238 3028 edam
254 2973 339 3029 triltns
351 2972 414 3028 Leti
427 2973 460 3029 ad
474 2989 584 3043 regerem
598 2973 848 3048 ierosolymitanum
864 2979 945 3048 pcrti-

156 3064 237 3120 uebat
251 3066 353 3136 magis,
371 3065 414 3120 nbi
427 3074 486 3120 erat
501 3065 547 3146 liei
567 3066 714 3136 templum,
736 3067 779 3122 cui
801 3068 944 3125 serviebat.

157 3158 249 3213 Divite
261 3159 340 3229 igitur
353 3159 469 3228 popule,
484 3159 585 3229 primm
608 3161 728 3231 regnavit
749 3162 776 3216 in
797 3161 944 3219 Jerusalem

157 3250 277 3306 Reboaru
290 3292 297 3318 ,
312 3266 359 3306 rex
369 3250 437 3306 luda
450 3293 458 3317 ,
473 3252 543 3307 lilius
556 3252 725 3320 Salomonis;
746 3263 772 3309 et
786 3254 811 3308 in
826 3254 945 3311 Samaria

108 3375 110 3379 ·
156 3341 320 3410 lerebeam,
342 3358 389 3419 rex
413 3341 514 3411 lsrael,
535 3357 628 3399 sertus
649 3343 810 3400 Salomonis.
830 3346 864 3401 Et
884 3363 944 3402 cum

159 3434 287 3490 uoluisset
301 3434 420 3490 lioboam
437 3443 562 3506 tanquam
577 3435 745 3507 tyrannidem
764 3436 857 3493 diuise
875 3438 945 3494 illius

157 3528 241 3598 partit
254 3526 324 3583 bello
334 3528 458 3600 persequi
470 3570 478 3596 ,
490 3528 638 3598 prohibitus
649 3535 691 3584 est
703 3529 816 3601 populus
827 3545 945 3600 pugnare

161 3618 360 3675 cumfratribus
373 3620 448 3686 suis,
464 3619 567 3675 dicente
582 3619 637 3675 lieo
655 3635 704 3691 per
724 3620 900 3693 proplietam,
915 3635 946 3678 se

158 3709 212 3768 bec
223 3710 318 3767 fecitte
329 3711 339 3781 (
348 3709 381 3768 ill
396 3709 460 3784 Rep.
473 3727 511 3766 su
524 3753 532 3779 ,
548 3711 583 3766 bl
594 3711 615 3783 i'.
626 3710 703 3768 Unde
713 3714 834 3783 apparuit
844 3713 945 3768 nollunt

160 3801 188 3857 iu
201 3816 233 3858 es
245 3816 293 3868 re,
307 3801 349 3858 tel
363 3802 433 3873 repis
453 3801 554 3865 lsrael,
578 3802 619 3856 rel
640 3803 729 3872 populi
752 3801 832 3858 luisse
852 3817 946 3874 pecca-

160 3897 216 3945 tum
227 3930 236 3957 ,
249 3889 297 3946 sed
309 3889 471 3946 volontatem
488 3891 534 3947 Dei
547 3890 706 3948 vindicantis
723 3892 869 3966 impletam.
888 3894 945 3963 Qua

160 3978 287 4050 cognita,
302 3993 364 4049 para
387 3985 499 4051 utraque
519 3979 588 4036 intes
609 3996 640 4037 se
661 3990 754 4052 pacata
773 3984 944 4054 conquievita

160 4085 215 4126 nen
226 4071 297 4127 enim
309 4070 460 4142 religionis,
476 4070 523 4127 sed
536 4069 617 4142 regni·
625 4071 710 4128 lucrat
723 4072 791 4129 iacta
802 4073 908 4130 divisio.

160 4203 274 4263 catut
291 4203 374 4261 xxtt.
382 4234 418 4247 -
429 4202 469 4259 De
478 4200 623 4269 deroderet,
635 4206 679 4275 qsi
696 4205 823 4277 impietate
835 4207 945 4264 idololo-

197 4300 253 4354 trits
266 4297 391 4353 subditum
404 4297 451 4352 sibi
462 4297 584 4368 pepslrtttt
596 4297 749 4368 prolouotit,
764 4298 791 4353 iu
802 4314 852 4369 que
864 4309 947 4355 teano

157 4396 159 4400 ’
196 4405 248 4463 saep
262 4388 356 4442 destitit
368 4385 437 4442 Deos
457 4395 481 4440 et
494 4383 635 4457 Prophetes
646 4386 771 4457 inspirare
781 4389 803 4455 ¹,
818 4397 841 4444 et
855 4388 947 4446 nteltm

195 4476 228 4533 ob
238 4476 390 4532 idololotria
400 4475 505 4529 erimitm
518 4474 653 4530 custodire.

195 4613 293 4670 lerunt
316 4625 365 4666 sex
382 4607 463 4664 lsrael
486 4607 630 4663 Jcrobeam
650 4618 738 4665 mente
757 4625 880 4680 perversa
893 4625 946 4667 nen

160 4701 275 4761 went
288 4701 352 4768 beo,
372 4713 450 4770 quem
463 4711 585 4753 veracem
598 4697 729 4768 promisse
741 4699 792 4754 sibi
806 4715 888 4772 tegno
901 4701 949 4757 da·

163 4803 242 4862 toque
255 4789 421 4862 probaverat,
447 4786 535 4842 timuit
555 4803 589 4844 ne
608 4786 739 4844 teaiendo
760 4789 794 4844 ad
820 4790 947 4861 tempium

163 4884 221 4951 llei,
234 4881 304 4955 qued
316 4889 375 4938 erat
387 4880 414 4935 io
426 4879 587 4943 Jerusalem,
602 4892 656 4950 que
675 4879 820 4936 secundum
832 4881 946 4938 diuinam

154 4973 249 5047 ,Ιεςεπι
273 4969 437 5029 sanificandl
459 4984 538 5028 causa
559 4970 690 5027 universae
704 4970 825 5041 illigenti
839 4971 947 5028 senien-

161 5066 224 5124 duna
239 5063 297 5130 ltrit,
309 5063 481 5120 seduceretur
494 5061 528 5115 ab
547 5074 580 5116 ee
598 5059 722 5130 populus,
734 5069 764 5116 et
776 5061 852 5131 stirpi
866 5061 947 5118 llatid

162 5167 286 5228 tanquam
300 5154 375 5225 regio
386 5149 661 5218 semiuiredderstnra
675 5160 703 5208 et
716 5151 828 5208 instituit
837 5151 950 5211 idolola-

163 5247 240 5302 trinn
253 5245 279 5300 ln
292 5255 374 5314 regno
387 5253 446 5303 suo.
456 5247 484 5295 et
492 5239 617 5310 populum
629 5239 676 5295 liei
685 5254 776 5296 secum
788 5241 946 5306 dmulaeae·

161 5354 220 5394 rrrrn
234 5338 307 5392 cultu
323 5333 478 5390 obstrictum
489 5330 602 5389 ocbnda
615 5331 751 5404 impietate
761 5331 877 5407 decepit.
889 5332 946 5392 itte

162 5437 250 5484 meten
265 5424 418 5482 omnimodo
431 5424 544 5479 emtatit
558 5423 627 5479 ileos
639 5438 693 5480 non
706 5424 792 5482 tolum
810 5423 885 5481 illum
903 5440 947 5481 re·

161 5533 232 5588 gem,
245 5513 429 5592 verumetiam
444 5525 613 5569 successores
622 5511 679 5583 elus
691 5520 720 5570 et
732 5513 945 5586 impletatltimt·

142 5650 148 5663 ’
160 5677 300 5788 &app-meet!
312 5682 378 5736 tm„
388 5684 450 5740 msc.
460 5668 545 5721 llelitts'
554 5668 594 5720 att
604 5669 707 5731 codices,
719 5670 947 5759 quodanteett'tei-

192 5799 203 5830 ¹
219 5804 245 5848 tu
256 5808 314 5850 tute
327 5797 432 5860 excuss,
441 5793 577 5862 propensos
584 5792 711 5860 tanum

748 360 846 417 tttttttt
866 354 1196 413 DEClMUSSEPlelUS.

993 478 1100 534 tatrtres,
1124 469 1299 538 populumque
1319 469 1414 540 ipsum,
1432 484 1542 541 arguere
1557 486 1604 541 per
1618 472 1774 545 Propbetat.

990 560 1057 616 Nam
1071 562 1107 616 ibi
1121 562 1279 617 exstiterunt
1290 571 1317 617 ct
1329 562 1416 632 magni
1429 563 1466 617 lili
1479 565 1649 636 insignesque
1661 567 1775 638 Propbe·

992 665 1035 719 tao,
1049 655 1094 724 qui
1111 654 1192 709 etiam
1205 653 1333 709 mirabilia
1348 654 1428 709 atttrita
1450 655 1579 720 lecerunt,
1597 658 1666 714 Elias
1680 670 1706 714 ct
1718 660 1762 716 lili
1799 693 1802 699 ·

991 758 1061 798 erus
1073 743 1295 813 discipulusejus.
1307 743 1393 799 Etiam
1408 745 1443 799 ibi
1456 745 1553 802 dicenti
1568 748 1642 815 Elias„
1658 748 1765 807 Derdas
1798 748 1801 800 i

993 831 1135 905 Prepltetos
1148 842 1204 887 tues
1218 832 1372 899 occiderant,
1394 833 1485 889 altorio
1508 844 1552 888 tuo
1573 835 1739 905 suffoderunt,
1753 849 1778 896 et

992 941 1038 994 spe
1057 925 1157 979 relictus
1180 940 1237 978 suut
1263 923 1352 988 seius,
1372 933 1396 979 et
1420 937 1537 994 quoeruut
1560 929 1672 983 unitatem
1696 947 1778 986 ttteom

993 1013 1043 1084 (ill
1054 1011 1118 1086 top.
1141 1030 1196 1079 xta,
1210 1014 1272 1083 ltl;
1288 1029 1445 1084 responsum
1466 1025 1517 1079 est,
1533 1016 1587 1072 illic
1600 1035 1660 1075 esse
1675 1032 1778 1092 septem

992 1104 1074 1159 millia
1084 1106 1209 1169 tiresum,
1221 1104 1267 1175 qui
1281 1119 1333 1158 non
1348 1118 1524 1161 curreremus
1533 1124 1616 1179 genua
1627 1120 1688 1166 astte
1703 1113 1776 1171 llaal.

992 1216 1103 1273 carot
1122 1216 1308 1274 xxiii-tto
1329 1219 1397 1273 torio
1417 1220 1548 1284 striateate
1566 1222 1638 1293 repeti
1654 1221 1778 1281 omre

1000 1311 1005 1324 '
1027 1325 1083 1363 tum
1094 1320 1171 1371 stota,
1182 1310 1261 1363 donec
1273 1310 1346 1364 ootbe
1356 1309 1444 1381 populi
1458 1311 1484 1364 s'n
1496 1312 1666 1383 captiuitatem
1679 1314 1777 1374 tituto

1028 1411 1138 1471 tempere
1152 1401 1312 1466 ducerentur,
1326 1412 1439 1456 rmecoto
1451 1412 1538 1472 posteo
1550 1402 1620 1457 dado
1631 1405 1659 1460 s‘tt
1672 1422 1779 1478 reposta

1027 1510 1115 1554 suurn,
1130 1495 1200 1568 qued
1218 1494 1349 1550 murenas
1369 1494 1396 1549 in
1416 1492 1591 1550 llomuuorttm
1611 1497 1712 1552 ttondit
1732 1514 1780 1571 po-

1028 1596 1149 1641 testatem.

1029 1698 1145 1769 beneque
1161 1699 1186 1754 io
1210 1713 1292 1769 reque
1312 1697 1379 1755 iuda
1402 1700 1551 1769 pertinente
1564 1699 1597 1756 ad
1619 1700 1778 1767 Jerusalem,

993 1791 1072 1846 ctiam
1087 1790 1284 1846 succedentium
1296 1803 1388 1861 mum
1399 1789 1562 1860 temporibus
1574 1805 1627 1848 noo
1640 1790 1781 1849 defuerunt

994 1879 1149 1951 Prophetae:
1160 1881 1229 1936 sicut
1240 1881 1294 1937 beo
1306 1879 1428 1950 placebat
1438 1880 1606 1946 conmittere,
1615 1881 1657 1937 rel
1669 1881 1702 1938 ad
1711 1897 1779 1954 prae·

994 1972 1168 2027 nuntiandum
1183 1971 1254 2043 qood
1265 1986 1334 2042 opus
1345 1979 1412 2038 erat,
1429 1971 1472 2028 rel
1483 1972 1518 2027 ad
1531 1971 1701 2043 corripienda
1715 1989 1779 2046 psc-

994 2073 1064 2130 cata,
1077 2063 1335 2135 praecipiendamque
1344 2063 1485 2134 justitiam.
1508 2063 1574 2120 llam
1594 2073 1621 2120 ct
1643 2065 1707 2133 lilio,
1728 2069 1780 2124 etsi

994 2159 1073 2230 longe
1085 2159 1172 2229 minus
1183 2173 1262 2229 quam
1277 2157 1304 2213 in
1317 2156 1410 2224 lsrael,
1423 2166 1511 2213 tamen
1532 2158 1691 2214 exstiterunt
1704 2173 1782 2233 repes

995 2250 1107 2322 quisuis
1122 2247 1301 2319 impietatibus
1321 2247 1404 2305 ileum
1424 2249 1540 2320 graviter
1558 2246 1733 2318 offenderent,
1753 2260 1783 2307 ct

995 2340 1139 2396 modernis
1158 2339 1268 2409 llaqellis
1286 2353 1347 2394 curn
1364 2339 1464 2411 populo
1484 2338 1581 2395 simiii¹
1594 2339 1782 2409 plecterentur.

995 2432 1102 2486 Piorum
1116 2445 1180 2485 sanc
1195 2446 1285 2501 regum
1300 2429 1394 2486 merita
1414 2430 1450 2486 ibi
1470 2445 1523 2486 non
1539 2446 1619 2501 parta
1632 2431 1781 2488 laudantur.

997 2524 1024 2578 ln
1040 2524 1121 2580 lsrael
1132 2532 1220 2581 autem
1235 2538 1312 2594 reges
1324 2520 1496 2594 aliosmaqis
1507 2520 1784 2592 aliestoinus,ontact

996 2621 1084 2669 tauma
1097 2612 1358 2685 reprobosteqinns.
1381 2611 1498 2683 Utraque
1519 2613 1599 2682 igitur
1619 2628 1690 2685 part,
1712 2615 1784 2673 siem

994 2706 1104 2777 jubebat
1115 2706 1203 2761 divina
1225 2705 1398 2777 providentia.
1414 2703 1583 2772 tel'siuebat,
1598 2706 1677 2762 uariis
1689 2714 1718 2762 ct
1728 2707 1785 2764 eri·

997 2798 1108 2869 gebatur
1121 2798 1349 2869 prosperitatibus,
1374 2806 1401 2852 et
1420 2797 1624 2855 adversitatibus
1641 2799 1783 2869 premeba-

997 2900 1095 2948 torret
1108 2891 1148 2947 sic
1160 2889 1339 2963 aliliqebatur,
1360 2906 1413 2946 non
1434 2891 1521 2946 solum
1542 2890 1670 2959 externis,
1690 2906 1786 2951 terum

997 2986 1075 3040 etiarn
1091 2984 1160 3040 inter
1172 2998 1202 3039 ae
1215 2983 1335 3039 ciuilibus
1348 2982 1435 3048 bellis,
1457 2992 1487 3040 ut
1507 2989 1588 3039 certis
1609 2983 1784 3043 existentibus

996 3075 1092 3141 causis,
1107 3073 1286 3130 misericordia
1298 3073 1346 3130 liei
1358 3073 1399 3129 rel
1412 3072 1453 3129 ira
1462 3080 1624 3145 patesceret3
1633 3074 1785 3146 doneeejat

997 3166 1177 3237 indignatione
1188 3174 1336 3233 crescente,
1351 3164 1473 3221 untterta
1485 3180 1552 3236 pens
1564 3165 1639 3223 ittae
1652 3165 1784 3227 Chaldaeis

996 3255 1200 3321 debellantibus,
1224 3269 1277 3310 non
1295 3255 1382 3310 solum
1405 3255 1603 3312 subverteretur
1624 3257 1651 3312 in
1674 3257 1785 3317 sedibus

997 3347 1062 3413 sois,
1075 3345 1121 3402 sed
1134 3345 1215 3401 etiam
1228 3362 1261 3401 ex
1275 3345 1389 3401 maxims
1402 3345 1445 3402 sui
1464 3354 1541 3418 parte
1555 3345 1742 3404 transtorretur
1754 3347 1784 3406 iu

998 3446 1082 3492 terras
1101 3437 1280 3510 Assyriorum,
1306 3436 1380 3506 prius
1402 3436 1445 3491 illa
1467 3452 1539 3508 pars,
1561 3453 1620 3509 quoe
1640 3438 1784 3510 recabatur

998 3528 1077 3584 lsrael
1100 3528 1127 3583 in
1152 3527 1273 3584 tribubus
1285 3527 1394 3596 decem;
1409 3539 1501 3599 postea
1514 3544 1578 3584 tero
1592 3529 1671 3586 etiam
1688 3527 1783 3597 ludat,

997 3616 1243 3675 cremalcmsalem
1252 3625 1280 3673 et
1290 3617 1391 3688 templo
1401 3618 1446 3674 illo
1458 3618 1639 3677 nobilissimo:
1650 3620 1677 3676 in
1687 3620 1784 3692 quibus

998 3711 1080 3768 terris
1100 3726 1150 3782 per
1171 3726 1255 3766 annos
1271 3711 1437 3783 septuaginta
1457 3712 1589 3782 captivum
1613 3712 1666 3784 egit
1686 3715 1782 3770 odunt.

997 3802 1061 3857 Post
1074 3815 1141 3872 quos
1154 3800 1215 3857 inde
1227 3801 1345 3865 dimissa,
1359 3801 1486 3872 templum
1499 3801 1570 3874 qood
1581 3817 1704 3862 eremum
1724 3803 1783 3863 lus·

997 3902 1048 3958 rat,
1067 3892 1237 3947 instaurarit:
1251 3899 1281 3948 et
1292 3892 1412 3962 quamvis
1430 3893 1537 3963 plorimi
1548 3892 1644 3964 clusin
1656 3893 1783 3968 alienige·

998 3998 1091 4038 uarum
1112 3981 1239 4053 degerent
1258 3981 1416 4047 terrisono
1436 3981 1528 4039 babuit
1547 3991 1635 4040 nmen
1656 3983 1783 4058 deinceps

998 4072 1063 4129 duat
1072 4072 1147 4143 regni
1156 4081 1255 4144 parton
1266 4072 1368 4129 etduos
1379 4072 1498 4130 diversos
1507 4074 1534 4131 io
1543 4073 1655 4147 nugulis
1666 4077 1787 4148 partibus

998 4181 1090 4237 repet:
1101 4165 1149 4222 ted
1162 4166 1189 4221 in
1201 4163 1349 4222 Jerusalem
1373 4166 1495 4239 princepe
1509 4183 1601 4225 eorum
1623 4184 1692 4226 auus
1705 4178 1783 4238 erat;

997 4267 1077 4327 atque
1089 4257 1121 4312 ad
1131 4257 1178 4313 ilci
1189 4256 1404 4328 templum,qued
1417 4258 1453 4314 ibi
1466 4269 1533 4325 crat,
1546 4274 1641 4316 omnes
1655 4259 1781 4332 undique,

999 4347 1158 4417 ubicumque
1169 4356 1269 4414 essent,
1280 4354 1307 4403 et
1320 4348 1503 4420 undecumque
1516 4359 1635 4421 possent,
1649 4366 1697 4421 per
1709 4360 1784 4407 certa

999 4447 1117 4507 tempora
1131 4437 1281 4492 veniebant.
1295 4437 1348 4494 Sed
1370 4454 1419 4495 nec
1432 4448 1496 4495 tune
1516 4441 1556 4496 cis
1574 4440 1665 4498 besses
1679 4456 1713 4496 es
1724 4439 1785 4497 aliis

997 4527 1121 4600 pentibus
1132 4538 1378 4600 expugnatoresque
1391 4530 1546 4586 defuerunt:
1559 4546 1620 4587 nam
1633 4531 1713 4588 etiarn
1728 4529 1784 4588 ile·

999 4633 1136 4674 martorum
1150 4618 1205 4688 Jarn
1219 4619 1370 4676 tributarios
1383 4636 1429 4677 eos
1442 4621 1564 4676 Christus
1574 4622 1687 4679 invenit.

999 4732 1111 4790 CAPUT
1129 4730 1225 4789 ΠΝ.
1234 4763 1270 4774 -
1283 4732 1322 4787 tte
1339 4730 1476 4802 Prophetis
1489 4734 1533 4804 qsi
1544 4733 1583 4787 tel
1595 4733 1666 4804 opud
1677 4732 1784 4791 Jttdaeet

992 4857 994 4861 π
1035 4827 1152 4895 postremi
1175 4826 1286 4895 suerunt,
1308 4821 1349 4879 tel
1364 4841 1426 4894 quos
1444 4825 1510 4878 ct'ree
1530 4831 1627 4896 lempna
1646 4825 1784 4883 mtltitstis

1016 4944 1018 4948 ·
1035 4915 1127 4972 Cbtt'ati
1137 4915 1280 4986 eueuqeiieu
1289 4913 1372 4985 prodit
1386 4915 1500 4969 ltt'tters'o.

1034 5027 1102 5085 'i'oto
1120 5035 1207 5083 summ
1223 5026 1269 5082 illo
1283 5035 1411 5096 tempore,
1426 5039 1524 5098 exque
1537 5025 1717 5084 redieruntde
1731 5028 1783 5086 tta·

999 5119 1116 5194 bylonia,
1129 5127 1190 5189 post
1202 5116 1368 5184 iialaeltisrn,
1380 5121 1504 5188 Aegeum
1519 5126 1548 5172 et
1558 5115 1725 5189 Zaebariam,
1738 5122 1784 5192 qui

989 5218 1063 5267 ‘tune
1074 5208 1307 5280 prophetaverunt,
1324 5218 1351 5263 et
1363 5207 1486 5272 Esdram,
1495 5221 1548 5262 noa
1561 5206 1709 5284 babosrupt
1718 5205 1784 5270 Pre-

988 5301 1093 5374 phetas
1107 5313 1191 5370 usque
1202 5298 1235 5354 ad
1249 5288 1394 5355 saltatoris
1411 5299 1565 5367 adtentum,
1577 5299 1627 5357 niti
1636 5301 1718 5358 slusa
1731 5301 1783 5360 la·

998 5391 1115 5448 manant
1130 5397 1231 5460 patrem
1243 5389 1406 5456 loanniset
1424 5389 1560 5445 Elisabeth
1582 5390 1641 5462 qut
1660 5406 1782 5461 uorem,

997 5479 1095 5537 desti
1107 5481 1242 5536 nativitate
1252 5479 1307 5550 jara
1321 5479 1455 5550 prexima3
1470 5488 1498 5536 et
1519 5494 1553 5537 ee
1569 5481 1624 5552 lam
1645 5489 1719 5549 nate,
1741 5479 1785 5539 Si‘·

900 5583 903 5588 ·
996 5587 1120 5631 moenem
1134 5585 1237 5638 senem
1258 5578 1287 5627 et
1306 5572 1409 5627 inuam
1427 5571 1783 5644 riduaatjamqaessrastdst·

1026 5734 1093 5802 pun.
1105 5735 1131 5783 st
1140 5735 1209 5802 tot,
1222 5727 1300 5782 tenu.
1313 5729 1396 5784 aetat
1409 5735 1491 5785 mom
1500 5728 1569 5782 stad
1579 5736 1630 5782 uu
1643 5724 1786 5793 uastat-

898 5840 900 5846 i
997 5787 1068 5859 nob,
