3900 6390
154 287 191 348 ιι
835 273 1091 334 suaseramus.
1738 279 1773 336 ι,

190 399 218 455 5.
233 398 268 452 st
279 394 351 454 cuim
360 395 465 467 quidam
480 393 542 452 boui
555 392 634 449 etiam
647 389 787 447 Clrristiaui
800 386 939 444 tarurtentis

154 489 302 546 excruciatl
321 496 393 551 sunt,
407 493 436 542 ut
451 485 519 540 bona
532 498 580 540 sua
595 481 715 538 hostibus
732 481 885 551 proderent.
900 476 940 532 llli

155 593 221 636 sero
233 593 283 634 nec
294 577 417 648 prodere,
428 589 477 630 nec
488 573 599 645 perdere
612 579 754 644 potuerunt
763 569 873 633 bonum
887 582 940 640 quo

155 679 184 726 et
197 669 248 743 ipsi
271 669 332 724 boni
347 674 431 724 erant.
446 665 474 721 Si
496 674 584 721 autem
601 661 730 734 torqueri,
756 675 834 733 quam
856 675 942 714 mam·

155 775 236 817 mona
251 757 395 829 iniqnitatis
407 756 519 828 predere
534 755 696 816 maluerunt,
716 751 780 808 boui
791 766 844 806 ιιοιι
855 756 941 806 erant.

156 848 324 908 Admouendi
337 857 425 903 autem
443 847 556 912 fueraut,
574 844 617 915 qui
632 852 705 898 ιιιιιι
718 841 884 913 patiebamur
895 854 942 910 pro

157 957 234 1009 auro,
249 949 347 1014 quanta
359 946 449 996 essent
462 934 615 993 sustinenda
632 949 682 1006 pro
699 933 804 989 Christo
818 950 826 987 ι
841 940 869 987 ut
881 946 943 987 eum

158 1034 248 1106 potius
268 1032 378 1102 diligero
399 1029 541 1095 discerent,
558 1027 603 1098 qui
626 1040 674 1097 pro
697 1039 726 1080 se
740 1036 832 1094 passos
845 1031 944 1077 eterna

158 1123 284 1180 felicitate
297 1120 409 1184 ditaret;
422 1132 476 1173 non
489 1131 582 1172 aurum
604 1124 632 1170 et
652 1121 799 1184 argentum,
825 1123 874 1180 pro
891 1124 945 1179 quo

159 1213 216 1284 pati
236 1209 413 1268 miserrimum
427 1206 486 1274 fuit,
510 1221 557 1262 seu
579 1202 732 1260 mentiendo
756 1199 945 1264 occultaretur,

159 1318 313 1362 septetum
334 1300 447 1358 dicendo
469 1297 636 1372 proderetur.
656 1293 774 1364 Namque
795 1292 864 1347 inter
889 1299 945 1346 tor·

160 1403 251 1452 menta
264 1406 342 1449 acmo
353 1390 489 1446 Christum
501 1385 651 1443 conitendo
665 1382 753 1438 amisit
768 1397 776 1436 :
798 1394 877 1437 nemo
896 1394 946 1434 au·

160 1500 233 1551 rura,
247 1482 297 1538 nisi
319 1479 451 1551 negando,
466 1477 589 1534 seruauit.
604 1473 732 1543 Quocirca
753 1471 856 1527 utiliora
870 1477 947 1526 erant

163 1572 277 1629 fortasse
290 1577 433 1632 torroenta,
447 1581 507 1638 quae
525 1565 623 1619 bonum
638 1559 836 1630 incorruptibile
853 1573 947 1613 amau-

162 1662 227 1718 dum
243 1660 383 1724 docebant,
403 1672 482 1729 quam
505 1654 550 1711 illa
570 1653 650 1719 bona,
670 1665 729 1722 ques
741 1650 799 1706 sine
819 1648 872 1704 ullo
890 1647 948 1703 utili

162 1752 250 1828 fructu
274 1748 396 1804 dominos
418 1743 459 1801 sui
479 1756 570 1798 amore
589 1740 756 1811 torquebant.
774 1737 826 1794 Sed
839 1736 948 1808 quidam

163 1841 245 1898 etiam
259 1853 313 1893 non
334 1835 462 1891 habentes
480 1832 551 1904 qnod
571 1831 724 1903 proderent,
737 1829 800 1885 doru
819 1845 871 1884 nou
891 1843 949 1884 cre·

163 1932 273 1998 duntur,
286 1929 347 1984 torti
360 1935 432 1982 sunt.
446 1925 480 1980 Et
497 1924 524 1979 hi
541 1922 608 1979 forte
627 1922 725 1978 habere
738 1920 889 1991 cupiebant,
899 1932 950 1974 nec

164 2033 255 2082 macta
267 2020 402 2078 uoluntate
414 2030 544 2088 pauperes
556 2022 633 2071 eraut
645 2030 653 2067 ε
663 2011 758 2083 qulbus
767 2011 952 2066 demonstran·

165 2116 228 2171 dom
242 2111 300 2177 fuit,
314 2126 366 2165 ιιοιι
379 2107 525 2174 facultates,
539 2104 586 2162 sed
602 2104 674 2174 ipsas
687 2101 843 2172 cupiditates
854 2100 950 2156 talibus

165 2219 226 2262 esse
248 2202 342 2274 dignas
360 2198 531 2256 cruciatibus.
551 2195 579 2253 Si
598 2209 663 2250 nero
683 2193 799 2249 melioris
816 2192 876 2247 vitae
890 2204 952 2261 pro-

167 2294 254 2367 pusi·
267 2288 432 2349 reconditum
441 2301 533 2343 aurum
543 2293 734 2357 argentumque
746 2296 798 2336 uon
810 2279 950 2349 lrabebant,

167 2381 257 2439 nescio
275 2379 381 2451 quidem
398 2384 485 2448 utrum
506 2375 629 2446 cuiquam
653 2373 745 2429 talium
770 2370 906 2437 acciderit,
923 2379 953 2425 ut

167 2475 230 2530 dum
258 2472 357 2528 hahere
382 2468 518 2534 creditur,
541 2474 739 2537 torqueretur:
767 2469 951 2518 veruntamen

167 2564 270 2621 etiamsi
285 2561 388 2626 accidit,
403 2557 523 2631 profecto
540 2557 584 2626 qui
594 2557 663 2611 inter
676 2555 720 2610 illa
735 2560 866 2610 tormenta
885 2567 952 2624 pau·

167 2665 297 2727 pertatem
318 2661 435 2708 sanctam
455 2649 638 2712 coullmbatur,
660 2646 793 2703 Christum
808 2643 954 2699 confiteba-

168 2756 221 2800 tur.
236 2743 402 2813 Quapropter
413 2740 462 2797 etsi
483 2755 535 2794 nou
558 2738 656 2793 meruit
674 2735 709 2791 ab
728 2735 848 2791 hostibus
869 2734 952 2800 credi,

168 2852 223 2891 non
237 2833 323 2905 poturit
341 2840 428 2887 umen
451 2838 550 2885 sanetae
569 2825 731 2898 paupertatis
750 2822 886 2881 confessor
896 2823 954 2878 sine

169 2925 273 2983 coelem
287 2921 410 2978 mercede
422 2918 551 2991 torqueri.

205 3018 233 3072 l.
249 3012 320 3090 [xl]
332 3012 439 3079 hollos,
460 3010 590 3080 inquiunt,
603 3007 682 3063 etiam
694 3003 858 3061 Christianos
870 3002 955 3060 fames

172 3107 295 3164 diutnma
314 3101 438 3158 vastarit.
464 3099 519 3155 lloc
549 3111 654 3168 quoque
670 3097 696 3150 iu
715 3109 779 3150 usus
804 3107 867 3148 suos
893 3093 954 3148 boui

174 3197 266 3254 hdeles
280 3194 322 3264 pie
335 3188 470 3248 tolerando
482 3195 629 3244 verterunt.
641 3185 713 3253 Quos
729 3184 799 3238 errirn
813 3181 895 3236 fames
909 3197 956 3236 ne-

174 3287 254 3354 cavit,
267 3284 344 3341 malis
366 3280 425 3335 uitae
443 3279 532 3350 hujus,
549 3278 617 3332 sieut
636 3272 754 3345 corporis
766 3271 885 3336 morbus,
905 3271 957 3325 cri-

176 3381 249 3451 puit:
263 3388 330 3448 quos
341 3381 428 3427 autem
440 3384 492 3424 non
503 3367 619 3434 necavit,
636 3365 725 3422 docuit
742 3361 847 3435 parcius
857 3360 955 3428 uiuere,

177 3469 263 3527 docuit
276 3463 427 3539 productius
436 3463 566 3534 ieiunare.

178 3560 288 3619 CAPUT
297 3557 343 3615 xl.
356 3586 392 3598 -
403 3553 443 3610 De
455 3555 506 3624 fiae
513 3547 656 3620 temporalis
668 3547 742 3613 uitta,
755 3545 805 3600 siue
817 3541 956 3615 longioris,

469 3641 520 3696 siue
530 3636 658 3694 brevioris.

211 3737 265 3795 Sed
286 3734 358 3793 enim
382 3730 458 3787 nrnlti
479 3729 558 3786 etiam
571 3723 711 3782 Christiani
732 3722 862 3780 interfecti
876 3729 957 3786 sunt,

181 3829 255 3885 multi
268 3826 411 3883 ulularum
425 3820 549 3876 mortium
571 3816 639 3872 foeda
653 3814 779 3869 uarietate
797 3810 957 3880 consumpti.

182 3922 234 3978 lloc
247 3921 271 3977 si
284 3932 356 3989 egre
370 3912 508 3971 ferendum
522 3917 580 3976 est,
593 3906 714 3964 omnibns
732 3905 777 3976 qui
797 3904 824 3958 in
836 3902 904 3957 hanc
917 3901 958 3956 ti-

185 4021 236 4068 tam
250 4006 384 4082 procreati
398 4011 478 4068 sunt,
489 4000 579 4070 utique
602 4009 743 4053 commune
755 4001 806 4050 est.
818 3993 874 4048 lloe
885 3991 958 4056 seio,

183 4102 314 4159 neminem
328 4096 408 4153 fuisse
421 4101 572 4157 mortuum,
592 4090 637 4160 qui
652 4103 703 4143 non
716 4085 804 4142 fuerat
819 4081 960 4154 aliqnando

184 4193 335 4250 moriturus.
350 4187 424 4244 Finis
440 4193 527 4241 alutem
541 4181 601 4237 uite
623 4190 676 4235 ιιιιι
690 4180 794 4249 longam
804 4191 882 4248 quam
899 4174 960 4231 bre-

185 4301 241 4342 uem
252 4285 334 4339 sitam
348 4279 400 4335 hoc
412 4276 481 4334 idem
493 4275 564 4331 lacit.
581 4271 671 4342 Neque
680 4273 750 4326 enim
765 4269 835 4324 aliud
847 4266 960 4331 melius,

186 4387 211 4434 et
223 4373 293 4432 aliud
307 4369 442 4435 deterius;
456 4375 501 4422 aut
519 4363 589 4420 aliud
605 4361 746 4432 majos,et
763 4358 833 4414 aliud
855 4357 961 4413 breuius

187 4477 240 4535 est,
255 4463 326 4538 quod
346 4462 400 4533 jam
413 4459 512 4532 pariter
524 4470 577 4511 noa
591 4430 822 4520 essentiarum
836 4448 961 4515 interest,

187 4573 236 4631 quo
247 4555 342 4613 mortis
351 4566 447 4625 genere
461 4550 515 4605 tita
533 4548 581 4602 ista
604 4541 845 4613 finiatur,quando
864 4538 908 4595 ille
920 4538 962 4594 eui

188 4648 293 4712 fluitur,
308 4645 403 4701 iterum
423 4639 489 4696 mori
507 4652 559 4692 nou
572 4632 693 4703 cogitur?
713 4633 780 4688 Cum
801 4639 887 4685 autem
901 4629 963 4682 oni·

189 4739 280 4811 unique
292 4733 444 4792 mortalium
456 4729 506 4786 snb
518 4723 678 4799 quotidianis
691 4722 753 4777 vitae
767 4721 845 4791 hujus
858 4718 964 4774 casibus

189 4825 393 4885 innumerabiles
420 4826 519 4877 mortes
536 4811 731 4887 quodammodo
755 4810 963 4874 comminentur,

189 4919 309 4991 quamdiu
324 4916 452 4972 incertum
460 4918 520 4976 est,
534 4920 654 4979 qaenam
672 4918 762 4960 carum
783 4911 893 4955 ventura
914 4900 964 4964 sit;

191 5023 276 5080 puero
290 5016 379 5061 utrum
393 5002 476 5057 satius
494 5000 545 5063 sit,
560 5010 639 5050 urnam
654 4991 753 5063 perpeti
766 4988 903 5046 moriendo
913 5030 921 5052 ,
932 5003 964 5042 aa

192 5111 280 5153 cinnes
298 5096 392 5150 timere
405 5088 527 5146 uiuendo.
551 5086 606 5140 Nec
627 5084 719 5154 ignoro
731 5097 809 5151 quam
832 5080 941 5134 inertius
956 5079 965 5110 ²

191 5191 298 5264 eligatur
306 5189 352 5244 diu
365 5186 454 5240 nitere
465 5181 515 5237 sub
527 5179 621 5234 timore
631 5184 670 5230 tot
682 5172 822 5234 mortium,
834 5183 912 5241 qnam
925 5183 967 5223 sc-

191 5282 238 5335 arel
254 5274 393 5334 moriendo
410 5272 506 5329 trullam
518 5269 643 5336 deinceps
664 5262 815 5319 formidare.
829 5259 880 5315 Sed
895 5256 967 5312 aliud

191 5381 229 5424 est
250 5368 319 5440 quod
338 5363 426 5421 carnis
445 5375 538 5417 sensus
562 5357 700 5412 infirmiter
722 5351 832 5423 pauidus
852 5347 965 5418 refugit,

192 5459 259 5514 attuit
272 5456 343 5528 quod
357 5452 454 5510 mentis
473 5450 539 5504 ratio
554 5446 692 5516 diligenter
709 5441 845 5498 enucleata
856 5436 966 5494 contin·

192 5551 233 5604 eit
262 5547 328 5604 lfala
352 5559 425 5600 mors
440 5536 554 5612 putanda
576 5550 629 5589 non
649 5541 707 5601 cst,
729 5545 808 5602 quam
825 5529 894 5584 hona
914 5525 968 5584 uita

220 5680 229 5715 ¹
246 5678 358 5734 enimn
369 5683 498 5729 anunm
506 5671 656 5740 ursanus.

994 388 1176 459 precesserit:
1192 389 1361 460 nequeenim
1382 387 1447 445 facit
1458 390 1556 447 malam
1574 400 1706 460 monem,
1721 394 1771 449 nisi

993 478 1063 550 qood
1075 483 1195 549 sequitur
1207 489 1329 537 mortem.
1352 480 1410 536 Non
1425 482 1513 552 itaque
1536 482 1648 537 multum
1672 499 1769 539 curan·

991 566 1054 622 dum
1074 576 1116 624 est
1134 567 1191 634 cis,
1217 569 1262 638 qui
1290 570 1438 625 necessario
1464 571 1585 626 morituri
1609 580 1687 638 sunt,
1708 571 1773 642 quid

994 657 1096 714 accidat
1117 667 1145 713 ut
1157 660 1322 725 moriantur;
1336 660 1383 716 sed
1397 660 1601 732 moriendoque
1616 662 1655 717 irc
1671 677 1772 732 cogan-

993 757 1048 804 tur.
1060 747 1125 804 Cum
1141 749 1219 820 igitur
1234 750 1375 805 Christiani
1389 752 1510 806 noverint
1530 752 1608 822 longe
1632 753 1773 808 meliorem

993 841 1075 897 luisse
1087 841 1203 911 religiosi
1217 842 1340 912 pauperis
1352 851 1463 897 mortem
1477 842 1545 898 inter
1558 842 1713 913 lingentium
1726 858 1773 898 ca·

993 947 1056 987 uum
1069 932 1189 1002 linguas,
1202 946 1282 1001 (tuam
1296 931 1369 1000 impii
1381 930 1470 986 divitis
1483 930 1509 985 in
1522 946 1636 1002 purpura
1656 944 1683 988 et
1695 933 1775 1004 bysso

995 1023 1070 1096 (huc.
1079 1038 1141 1086 ιιι.
1154 1020 1258 1096 uturp
1270 1022 1400 1078 horrenda
1411 1024 1454 1079 illa
1464 1039 1560 1094 genera
1573 1024 1699 1080 mortium
1711 1023 1775 1096 qnid

994 1113 1108 1169 mortuis
1119 1113 1275 1182 obfuerunt,
1286 1114 1330 1184 qui
1340 1113 1408 1170 bene
1417 1113 1553 1170 vixerunt.

995 1245 1109 1304 corut
1120 1246 1225 1302 1111-
1235 1246 1272 1303 De
1282 1249 1413 1318 sepultum
1431 1248 1599 1303 bumanorum
1617 1266 1776 1320 corporum,

1031 1356 1088 1411 quor
1097 1340 1248 1397 Christianis
1263 1343 1362 1398 etiamsi
1381 1344 1458 1414 suerit
1471 1352 1579 1414 nepeta,
1593 1343 1630 1397 nil
1642 1344 1740 1397 adimit.

1033 1474 1059 1528 l.
1073 1475 1107 1529 At
1121 1474 1191 1530 enim
1206 1474 1234 1530 in
1252 1483 1323 1531 ιιιιι
1337 1483 1425 1545 strage
1438 1474 1595 1531 cadauerum
1608 1490 1658 1531 nec
1671 1474 1779 1545 sepeliri

997 1572 1151 1635 potuerunt.
1162 1564 1252 1636 licque
1263 1565 1332 1621 istud
1344 1567 1386 1637 pia
1403 1566 1470 1622 fides
1484 1565 1593 1620 nimium
1610 1565 1776 1631 reformidat,

999 1663 1092 1711 tenens
1109 1655 1282 1725 praedictum,
1300 1670 1351 1711 nee
1376 1654 1546 1711 absumentes
1568 1655 1664 1710 bestias
1688 1670 1780 1710 resur·

999 1746 1109 1801 recturis
1130 1747 1285 1815 corporibus
1306 1747 1458 1810 obfuturas,
1478 1761 1590 1815 quorum
1611 1744 1721 1815 capillus
1735 1758 1780 1799 ea-
1823 1765 1830 1773 ·

999 1840 1061 1911 pitis
1075 1855 1127 1895 nou
1142 1839 1238 1909 peribit
1252 1837 1307 1911 (fd.
1330 1855 1393 1905 ιιι,
1409 1839 1466 1910 ts).
1491 1838 1567 1893 Nullo
1578 1837 1658 1893 modo
1678 1836 1781 1892 diceret

1001 1931 1122 1998 Veritas,
1147 1929 1236 1985 Nolite
1254 1931 1342 1986 timere
1360 1947 1402 1985 eos
1413 1931 1456 2001 qui
1468 1946 1558 2000 carpus
1572 1930 1703 1992 occidunt,
1724 1927 1782 1982 aab

1000 2039 1068 2078 nram
1080 2033 1164 2078 uatem
1185 2038 1236 2076 aaa
1250 2032 1355 2092 possunt
1368 2021 1480 2077 occidam
1495 2019 1601 2093 (Multis.
1614 2036 1632 2074 ι
1644 2061 1652 2086 ,
1664 2019 1731 2091 28);
1756 2019 1781 2075 sl

1001 2114 1143 2187 quidquam
1156 2113 1262 2170 obesset
1274 2114 1369 2168 futurae
1381 2113 1460 2178 vite,
1484 2111 1611 2183 quidquid
1630 2109 1728 2167 inimici
1746 2108 1782 2165 de

1001 2207 1157 2278 corporibus
1180 2207 1329 2263 occisorum
1351 2205 1440 2261 facere
1464 2205 1618 2260 voluissent.
1632 2202 1688 2260 Nisi
1713 2200 1783 2257 forts

1001 2300 1131 2371 quispiam
1156 2298 1196 2353 sic
1217 2295 1348 2353 absurdus
1368 2304 1426 2362 est,
1445 2303 1475 2351 ut
1492 2295 1635 2352 contendat
1647 2307 1711 2361 eos,
1735 2293 1781 2363 qul

1002 2402 1099 2460 eorpus
1111 2387 1233 2445 occidunt
1242 2428 1250 2455 ,
1258 2401 1311 2442 non
1323 2385 1422 2442 debere
1434 2386 1519 2441 umeri
1533 2393 1594 2442 aute
1604 2392 1733 2449 mortem,
1745 2397 1782 2439 ne

1003 2495 1100 2551 corpus
1113 2479 1250 2546 occidam,
1266 2487 1293 2534 et
1307 2477 1393 2533 timeri
1407 2476 1503 2534 dehere
1516 2485 1577 2548 post
1596 2484 1729 2541 mortem,
1748 2490 1784 2532 ne

1003 2584 1100 2640 corpus
1112 2570 1228 2624 occisum
1242 2568 1348 2638 sepeliri
1363 2584 1415 2623 non
1429 2567 1527 2622 sinaut.
1541 2566 1647 2622 Falsum
1667 2575 1708 2622 est
1719 2578 1784 2636 ergo

1003 2662 1074 2733 quod
1087 2662 1124 2717 ait
1134 2661 1257 2717 Christtts
1270 2701 1277 2724 ,
1293 2659 1343 2726 Qui
1350 2675 1443 2729 eorpus
1456 2657 1574 2712 occidunt
1584 2699 1591 2724 ,
1602 2666 1626 2710 et
1639 2665 1786 2727 pastenacas

1003 2751 1094 2805 babent
1114 2751 1175 2821 quid
1198 2749 1293 2820 faciam
1316 2748 1392 2818 (huc.
1409 2764 1446 2803 ιιι
1457 2788 1464 2810 ,
1475 2748 1521 2818 1);
1535 2747 1557 2802 si
1581 2746 1679 2800 habent
1694 2753 1783 2810 muta,

1004 2857 1063 2911 quae
1074 2840 1109 2896 de
1119 2839 1292 2896 cadaveribus
1304 2837 1410 2894 faciant.
1432 2838 1508 2892 hhsit
1521 2846 1549 2891 ut
1562 2835 1655 2891 falsum
1669 2834 1703 2889 sit
1714 2832 1786 2904 quod

1004 2934 1109 2991 Veritas
1118 2932 1196 2988 dlxlt.
1209 2931 1314 2987 Dictum
1325 2938 1366 2985 est
1379 2929 1449 2985 euim
1460 2927 1558 2997 aliquid
1568 2941 1615 2982 eos
1629 2925 1716 2981 facere
1725 2939 1786 2980 enm

1005 3027 1149 3092 occidam,
1172 3025 1233 3095 quia
1251 3023 1279 3078 in
1301 3036 1413 3091 corpore
1434 3035 1529 3075 sensus
1554 3027 1594 3074 est
1619 3015 1784 3079 occidendo:

1006 3125 1097 3190 postea
1110 3130 1175 3171 vero
1197 3113 1264 3169 nihil
1277 3112 1376 3168 habere
1397 3109 1467 3180 quod
1480 3108 1595 3172 faciant,
1618 3107 1679 3176 quia
1699 3105 1787 3160 nullus

1006 3224 1099 3266 sensus
1121 3215 1161 3263 est
1184 3207 1337 3274 incorpore
1350 3204 1449 3258 occiso.
1465 3200 1545 3255 llulta
1567 3199 1655 3268 itaque
1675 3211 1787 3267 corpora

1006 3299 1216 3355 Christianorum
1241 3303 1311 3350 terra
1334 3307 1387 3348 non
1407 3290 1491 3347 texit:
1506 3289 1553 3345 sed
1574 3288 1675 3344 nullum
1695 3301 1788 3342 eorum

1007 3392 1144 3463 quisquam
1157 3403 1172 3442 a
1185 3386 1254 3443 caela
1267 3393 1295 3442 ct
1309 3393 1378 3439 terra
1391 3381 1524 3452 separauit
1535 3421 1543 3447 ,
1556 3394 1634 3449 qnam
1649 3386 1731 3434 totam
1742 3377 1789 3431 ioa-

1008 3481 1213 3556 pletprtesentia
1226 3478 1285 3544 sui,
1305 3475 1350 3547 qui
1372 3474 1446 3528 novit
1467 3471 1538 3527 uude
1557 3468 1696 3525 resuscitet
1716 3465 1789 3538 quod

1008 3574 1120 3631 creauit.
1131 3572 1234 3628 Dicitur
1248 3567 1354 3639 quidem
1365 3567 1391 3623 iu
1402 3564 1524 3628 Psalmo,
1536 3560 1679 3615 Potuerunt
1691 3565 1789 3612 morm-

1009 3666 1045 3720 lia
1066 3677 1193 3719 ursarum
1216 3669 1317 3714 tumus
1343 3671 1411 3711 escas
1431 3651 1574 3708 volatilibus
1596 3649 1674 3714 eoeli,
1701 3661 1789 3701 earnes

1009 3765 1152 3813 sanctonum
1166 3761 1264 3807 tuarum
1277 3749 1360 3804 bestiis
1379 3759 1451 3801 terroe
1463 3761 1473 3799 .·
1484 3742 1626 3810 effuderunt
1642 3739 1791 3810 sanquinem

1009 3864 1112 3912 earum,
1128 3847 1191 3900 sicut
1203 3860 1294 3913 aquam
1305 3829 1447 3896 incircuitu
1465 3836 1623 3903 Jerusalem,
1634 3842 1658 3888 et
1671 3849 1721 3887 non
1734 3841 1791 3888 aut

1009 3939 1052 4009 qui
1064 3935 1179 4001 sepeliret
1189 3933 1273 4008 (Psal.
1289 3946 1403 3995 ιιιιιιι,
1418 3929 1456 3994 P,
1472 3926 1500 3998 S)
1515 3946 1521 3981 :
1534 3925 1581 3981 sed
1591 3925 1674 3994 magis
1688 3923 1719 3978 ad
1742 3936 1791 3978 ex·

1010 4026 1185 4101 aggerandam
1211 4022 1394 4080 crudelitatem
1415 4032 1507 4074 eorum
1521 4017 1565 4087 qui
1591 4017 1640 4071 ista
1652 4014 1789 4080 fecerunt,

1011 4136 1063 4176 nou
1086 4118 1222 4174 adearum
1244 4112 1421 4168 infelicitatem
1444 4108 1489 4179 qui
1516 4109 1563 4162 ista
1579 4105 1696 4176 perpessi
1719 4112 1791 4159 sunt.

1011 4209 1137 4279 Quanunis
1156 4206 1228 4262 enim
1246 4203 1303 4258 haec
1322 4204 1350 4257 in
1364 4207 1506 4269 conspectu
1520 4197 1658 4251 hominum
1677 4194 1744 4248 dura
1765 4200 1793 4249 et

1011 4303 1068 4358 dira
1080 4298 1233 4360 uideantur;
1248 4293 1293 4348 sed
1302 4291 1411 4362 pretiosa
1421 4291 1447 4343 ia
1463 4296 1596 4356 conspectu
1607 4284 1709 4338 Danuui
1727 4298 1794 4337 mors

1013 4402 1157 4447 sanctarum
1169 4389 1224 4459 ejus
1234 4384 1319 4456 (Psal.
1334 4398 1405 4448 exv,
1421 4380 1476 4450 fb).
1489 4378 1603 4434 Proinde
1621 4377 1711 4431 omnia
1725 4376 1792 4440 ista,

1013 4485 1106 4548 idest,
1121 4480 1222 4536 curatio
1245 4475 1346 4532 funeris
1357 4516 1365 4541 ,
1378 4472 1495 4528 conditio
1516 4472 1672 4541 sepultura,
1697 4480 1793 4538 pompa

1013 4572 1195 4642 exsequiarum
1210 4569 1219 4602 ¹
1232 4607 1239 4634 ,
1252 4567 1334 4636 magis
1356 4573 1417 4619 sunt
1434 4562 1553 4616 vitorum
1580 4560 1693 4623 solatia,
1713 4572 1792 4627 quam

1015 4662 1130 4720 subsidia
1144 4668 1317 4714 mortuorum.
1328 4656 1355 4712 Si
1370 4654 1467 4725 aliquid
1487 4652 1595 4723 prodest
1610 4651 1690 4717 impio
1702 4647 1793 4716 scpql·

1016 4764 1073 4810 tura
1088 4752 1218 4823 pretiosa,
1233 4747 1318 4802 oberit
1338 4746 1382 4816 pio
1405 4745 1463 4798 vilis
1483 4752 1529 4797 aut
1550 4741 1631 4795 nulla.
1650 4737 1795 4794 Praeclaras

1015 4845 1154 4914 exsequias
1174 4843 1199 4896 iu
1213 4847 1356 4908 conspectu
1371 4836 1507 4891 homiuum
1521 4832 1638 4888 cultibuit
1651 4837 1796 4899 purpurato

1016 4940 1053 4995 alli
1074 4937 1149 4993 diuiti
1173 4933 1249 4989 turba
1262 4931 1420 4986 famulorum
1434 4946 1441 4982 ι
1455 4927 1501 4982 sed
1523 4924 1605 4980 multo
1626 4921 1752 4977 clariores
1765 4920 1794 4976 in

1017 5010 1161 5100 conspeetu
1184 5024 1287 5081 homini
1301 5023 1423 5078 ulceroso
1445 5018 1483 5072 illi
1495 5014 1604 5087 pauperi
1619 5010 1793 5067 ministerium

1019 5119 1130 5192 praebuit
1141 5115 1301 5186 Angelorum
1311 5153 1319 5179 ,
1329 5112 1373 5182 qui
1387 5123 1447 5164 eum
1459 5121 1513 5160 non
1522 5101 1674 5159 extrtfcruat
1683 5101 1710 5154 in
1723 5114 1795 5160 mur-

1019 5224 1140 5266 moreum
1165 5206 1315 5270 tumulum,
1330 5200 1376 5257 scd
1388 5199 1414 5253 in
1426 5193 1540 5252 Abrabae
1559 5191 1689 5262 gremium
1704 5198 1794 5245 sustu·

1018 5301 1185 5441 bigla-idem
1193 5381 1250 5437 haec
1264 5379 1311 5444 illi,
1322 5386 1413 5434 eontra
1423 5388 1489 5444 quos
1498 5370 1690 5429 defendendam
1702 5379 1795 5423 susce·

1019 5479 1106 5551 pimus
1119 5474 1251 5528 civitatem
1264 5469 1321 5525 Del.
1339 5468 1522 5523 Verumtamen
1542 5463 1684 5536 sepulturae
1703 5470 1796 5514 curata

1053 5653 1061 5685 ¹
1079 5649 1130 5702 sola
1139 5649 1286 5709 chualon,
1297 5656 1391 5713 pampus
1408 5640 1583 5706 exsequiarum.
