3900 6390
156 249 207 306 sut

155 362 942 435 ejus,quiatestamcutumdeidissiparit¹‚quaudoindelam

155 472 215 512 cntu
239 456 363 510 omnibus
387 457 466 509 etiam
488 456 545 525 ipse
558 454 686 524 peccarit.
702 455 728 509 Si
742 456 813 510 enim
825 454 944 515 dixisset,

156 547 222 615 Qttia
238 548 288 601 lroc
311 556 498 600 testamentum
514 562 602 602 meum
618 547 773 616 dissiparit3
789 546 893 600 norrnisi
913 545 947 601 dc

156 643 204 695 ista
218 640 421 695 circumcisione
437 639 547 709 intelligi
562 652 689 709 cogeret:
707 656 777 695 nunc
791 656 865 706 vero,
880 655 947 710 qno·

156 733 226 786 niam
243 747 294 784 non
306 732 436 799 expressit
450 731 597 799 catirrsmodi
617 741 803 787 testamentum
823 732 948 799 parvulus

157 826 338 895 dissipaverit,
355 825 468 879 lilrcrnnr
494 834 536 879 est
558 825 706 895 intelligere
731 824 765 879 de
790 824 836 878 illo
864 831 947 877 testa·

158 928 248 972 mento
261 917 375 979 dictum,
400 917 475 986 errius
490 915 628 984 dissipatio
653 916 786 984 pertinere
810 914 894 983 possit
914 910 948 966 ad

157 1009 305 1078 puerulum.
327 1008 354 1062 Si
378 1016 467 1061 :autent
487 1007 627 1076 quisquam
648 1007 698 1060 boe
721 1005 826 1061 nonnisi
850 1005 884 1059 dc
898 991 960 1060 ista

157 1097 359 1151 circumcisione
374 1097 472 1152 dictum
487 1113 547 1152 esse
559 1097 707 1164 contendit,
720 1096 792 1166 quod
804 1097 832 1150 in
848 1111 880 1150 ea
893 1104 948 1151 tes·

158 1197 303 1244 timentum
317 1189 374 1245 bei.
384 1189 509 1260 quoniam
523 1205 575 1243 non
590 1199 630 1244 cst
643 1190 826 1254 circumcisus,
837 1189 949 1258 dissipa·

157 1280 228 1335 serit
243 1279 386 1348 parrnlus;
413 1290 515 1349 «pararat
528 1280 669 1333 locutionis
682 1280 797 1348 aliquem
820 1279 948 1343 modum,

159 1384 212 1440 quo
228 1387 279 1424 nun
295 1370 410 1424 absurde
430 1372 513 1438 possit
528 1371 647 1440 intelligi,
665 1371 724 1425 idco
735 1371 881 1440 dissipasse
896 1378 949 1424 tes·

160 1472 325 1528 tarncmnm,
342 1464 403 1531 quia
418 1463 480 1517 licet
494 1477 547 1516 non
565 1463 598 1516 ab
618 1463 683 1526 illo,
698 1472 785 1517 tarnen
807 1463 833 1516 in
850 1462 895 1516 illo
909 1470 950 1517 εει

160 1553 328 1622 dissipatum.
342 1553 439 1607 Verum
454 1553 492 1607 sic
506 1568 611 1622 quoquc
621 1551 884 1609 antanadrenendurn
897 1560 949 1618 cst,

161 1646 232 1700 urrlla
256 1646 282 1699 in
304 1660 334 1699 se
349 1644 508 1715 negligentia
523 1659 569 1698 sua
593 1644 690 1712 iniusto
711 1644 845 1698 ¹interire
868 1642 950 1697 incir-

161 1735 270 1791 cumcisi
295 1735 409 1788 animaru
437 1735 560 1805 parvuli,
578 1735 628 1790 nisi
643 1734 778 1805 originalis
792 1732 953 1804 obligatione

163 1827 274 1896 peccati.

162 1939 275 1998 CAPUT
294 1940 414 1996 XXVlll.
424 1972 462 1983 -
475 1941 512 1996 De
525 1942 720 1996 cotrarietationc
730 1941 858 1995 aonrinnm
870 1939 951 1992 Abra-

198 2031 238 2086 aa
250 2040 274 2086 et
284 2032 382 2095 Sarra,
391 2033 433 2101 qni
443 2049 501 2086 enm
511 2035 541 2086 ab
553 2034 628 2086 nnius
638 2033 804 2095 sterilitatem,
816 2031 847 2085 ob
856 2030 951 2085 ntrins·

198 2139 246 2193 qne
261 2133 344 2177 antem
359 2134 508 2178 senectutem
522 2142 641 2194 generare
657 2141 707 2179 non
727 2131 842 2196 possent,
862 2139 953 2177 arunas

199 2213 360 2284 fecunditatis
370 2216 465 2284 indepti
474 2226 544 2269 sunt.

200 2327 280 2382 Facta
301 2328 382 2398 igitur
404 2330 580 2398 promissione
600 2337 652 2382 tarn
668 2344 762 2399 magna
785 2339 890 2399 tamque
910 2328 953 2382 di·

167 2416 254 2473 lucida
272 2418 305 2473 ad
321 2418 476 2484 abraham,
502 2421 543 2475 cui
567 2420 764 2475 evidentissime
784 2420 883 2475 dictum
903 2429 953 2483 est,

168 2507 270 2562 Patrem
299 2511 436 2563 multarunt
467 2511 578 2582 pentima
606 2512 678 2582 posui
702 2521 742 2576 te;
769 2521 790 2565 et
813 2510 908 2583 angeio
930 2519 955 2565 tc

166 2601 249 2664 valde,
265 2612 288 2656 et
309 2619 400 2672 ponam
413 2614 436 2656 te
450 2605 475 2656 in
487 2612 582 2674 pentes,
599 2614 622 2657 et
633 2620 703 2674 repes
716 2605 817 2658 exilarat
828 2619 859 2657 es
869 2614 892 2656 te
907 2618 917 2658 :
932 2600 972 2657 et'

168 2692 233 2746 dabo
244 2694 288 2746 tibi
299 2709 331 2747 ea
341 2694 422 2748 Sarra
436 2692 536 2762 filium·
549 2705 572 2748 et
584 2695 727 2749 benedicam
740 2693 823 2761 iilttm,
838 2706 860 2749 et
871 2695 917 2749 erit
929 2695 956 2749 in

167 2785 299 2848 nationes,
314 2793 337 2838 et
353 2802 424 2856 repes
438 2786 549 2856 gentium
559 2803 590 2840 ea
600 2803 628 2840 ea
641 2797 713 2840 ernist
729 2802 828 2856 :quam
844 2788 958 2855 promis-

168 2875 271 2930 sionem
286 2891 357 2930 nune
371 2876 396 2930 iu
407 2876 516 2932 Cirristo
525 2879 659 2933 cernimus
669 2879 760 2933 reddi:
777 2895 809 2934 cx
821 2880 865 2933 illo
879 2879 957 2935 dcin·

169 2979 232 3034 ceps
246 2967 284 3021 illi
304 2967 430 3038 conjuges
445 2983 497 3022 non
511 2978 639 3024 rorantur
660 2971 685 3024 in
709 2971 870 3041 seripturis,
891 2971 959 3025 sieut

170 3067 247 3113 antea
271 3059 452 3127 vocabantur,
476 3061 573 3116 aaran
596 3071 623 3116 et
644 3062 727 3124 Sara;
750 3061 797 3116 sed
818 3063 886 3118 sient
909 3077 958 3116 nos

170 3163 217 3204 cos
231 3149 266 3201 ab
281 3150 356 3203 initio
369 3151 541 3216 vocavimus,
563 3153 687 3222 quoniam
708 3155 747 3207 sic
764 3154 819 3222 jam
833 3162 959 3208 rocantur

170 3241 205 3294 ab
218 3242 351 3304 omnibus,
367 3242 499 3297 auratam
519 3251 546 3298 et
559 3244 649 3298 barra.
665 3244 816 3298 Curmttcm
830 3254 959 3300 mutatum

171 3332 206 3387 sit
222 3347 320 3387 nomen
331 3333 462 3399 stratae,
488 3336 589 3391 reddita
604 3347 644 3390 est
659 3338 727 3391 rartio
743 3338 831 3405 :Quia
853 3349 960 3408 patrem,

172 3424 267 3496 inquit,
280 3428 415 3481 mattarum
426 3431 536 3500 gentium
548 3431 621 3500 posui
630 3439 662 3483 te.
677 3431 733 3484 lloe
742 3431 962 3502 crgosignillcare

173 3517 372 3587 intelligendum
386 3530 427 3575 est
442 3520 574 3576 auratam
591 3538 598 3573 :
613 3522 710 3576 Abram
726 3538 801 3589 vero,
816 3523 885 3592 qnod
901 3531 962 3577 antc

173 3609 338 3670 vocabatur.
353 3612 541 3682 interpretatur
556 3612 634 3667 Pater
648 3613 779 3667 excelsus.
804 3613 841 3667 bc
856 3614 963 3668 nornine

174 3708 263 3755 autem
279 3710 379 3756 mutato
389 3702 475 3758 Sarrae
487 3714 591 3759 nonest
604 3704 705 3758 reddita
720 3706 788 3758 ratio
803 3723 810 3758 :
825 3705 883 3769 sed,
896 3706 964 3760 sicut

175 3791 260 3859 aiunt,
275 3794 318 3862 qni
335 3794 498 3863 scripserunt
517 3795 750 3863 interpretationes
762 3795 898 3849 nominum
918 3794 964 3848 lae·

176 3888 326 3951 binorum,
342 3904 401 3958 qum
416 3887 456 3942 iris
477 3887 560 3942 sacris
572 3885 680 3941 Litteris
700 3887 878 3950 eontinentur,
899 3886 964 3941 Sara

177 3971 368 4050 interpret'atur
393 3980 520 4047 Princeps
544 3993 620 4042 mea,
646 3977 723 4034 Sarra
749 3989 836 4031 autem
863 3977 964 4032 Virtus.

163 4069 255 4126 Unde
268 4069 396 4138 seriptum
410 4078 452 4123 est
475 4069 501 4122 in
518 4068 634 4138 Epistola
649 4067 682 4122 ad
703 4068 829 4122 ttetrraos
842 4085 849 4121 :
864 4067 930 4122 Fide
943 4077 967 4122 et

178 4158 235 4227 ipsu
256 4158 336 4212 Sarra
356 4159 470 4211 uirtutem
491 4159 590 4227 aceepit
614 4159 648 4211 ad
671 4160 830 4212 emissionem
845 4159 967 4212 ’sentinis

180 4249 274 4324 (liele.
288 4266 331 4316 ru,
346 4248 400 4319 ll).
417 4249 504 4305 limbo
524 4262 612 4306 autern
635 4251 754 4306 seniores
767 4249 778 4283 ⁸
792 4261 884 4315 erunt,
900 4252 969 4305 sicut

179 4341 315 4412 Scriptura
329 4348 441 4395 testatur
455 4359 462 4393 ε
477 4340 524 4394 sed
540 4341 584 4395 illa
602 4341 682 4397 ctiam
704 4342 820 4408 sterilis,
834 4352 860 4397 et
873 4358 969 4399 cruore

182 4444 318 4491 menstruo
330 4434 385 4504 jam
407 4433 552 4499 destituta;
575 4445 684 4505 propter
706 4434 776 4504 quod
796 4435 850 4506 jani
876 4451 970 4507 parere

182 4540 236 4581 non
249 4533 358 4595 posset,
373 4523 476 4579 etiamsi
489 4524 586 4578 sterilis
602 4541 653 4579 trun
669 4523 772 4582 luisset.
799 4527 881 4581 l'orro
896 4528 917 4580 si
934 4527 971 4582 le-

182 4617 254 4671 mina
266 4617 302 4670 ita
316 4616 351 4671 sit
364 4615 537 4685 provectioris
547 4615 647 4680 utatis,
662 4625 691 4669 ut
703 4617 726 4671 ci
740 4617 816 4672 solita
831 4619 970 4674 mulierum

182 4705 271 4763 adbuc
283 4705 375 4774 fluant,
386 4707 419 4760 de
431 4705 528 4776 jurene
538 4721 632 4774 parere
645 4715 743 4777 potest,
758 4707 790 4763 dc
800 4710 905 4765 seniore
918 4726 971 4766 non

183 4804 271 4867 potest
286 4813 294 4850 t
307 4795 427 4866 quamuis
439 4796 526 4851 udlruc
537 4797 675 4868 possitille
685 4798 786 4865 senior,
800 4800 846 4855 sed
859 4799 892 4855 dc
906 4801 972 4856 ado-

186 4889 330 4944 lescentula
356 4889 466 4960 gignere
488 4907 495 4944 :
516 4891 585 4945 sieut
611 4891 746 4946 Abraham
773 4904 832 4962 post
860 4907 973 4948 mortem

186 4964 273 5036 Sarra
297 4981 331 5037 de
343 4981 460 5038 Cetlrura
477 4984 578 5052 potuit,
599 4983 660 5054 quia
676 4985 789 5040 viridam
803 4986 861 5056 ejus
875 4987 974 5043 invenit

145 5063 153 5081 ⁴
186 5082 301 5128 aetatem.
317 5074 373 5130 lloc
389 5091 454 5146 ergo
466 5084 508 5131 est
525 5077 595 5147 quod
609 5079 705 5132 mirum
719 5080 888 5135 commendat
902 5084 975 5150 dpu-

187 5163 293 5229 stolus,
317 5175 345 5218 et
365 5166 398 5219 ad
420 5167 472 5222 hoc
486 5167 549 5222 dicit
571 5168 685 5224 Abrabae
705 5169 759 5240 jam
775 5170 858 5228 luisse
878 5188 975 5243 corpus

187 5264 338 5311 emortuum
353 5257 441 5325 (Rani.
458 5276 503 5324 rr,
518 5262 565 5329 tut
578 5280 585 5313 ε
600 5263 724 5332 quoniam
740 5281 792 5319 non
806 5269 921 5321 exomni
935 5267 975 5323 le·

220 5377 230 5408 ¹
247 5383 297 5424 am.
310 5381 346 5424 Fr.
358 5385 385 5426 et
395 5383 459 5446 ter,
473 5377 529 5440 qrria
535 5386 699 5431 testamentum
708 5395 787 5433 mermi
799 5381 930 5447 dissiparit.
949 5391 977 5436 tt

190 5437 258 5487 t'iud.
272 5443 370 5496 etttss,
381 5450 438 5500 qma
453 5446 616 5491 testantentum
625 5442 668 5493 Dei
677 5443 806 5506 dissipauit.

221 5501 231 5528 ¹
248 5498 314 5546 vind.
325 5507 375 5546 tm.
388 5505 424 5548 Er.
437 5502 579 5570 etflnounulli
592 5509 655 5563 ttss,
663 5504 738 5566 jrtste.

204 5620 209 5629 ι
222 5558 232 5590 ³
243 5567 386 5629 ‚aaramaeus
396 5567 448 5620 tls,
456 5574 482 5612 tn
493 5564 685 5630 conceptimnm;
696 5568 896 5628 dissentientibus
903 5577 976 5620 cete·

189 5632 223 5668 rrs
232 5617 309 5691 lrlrris.
321 5629 402 5672 fussee
415 5632 461 5681 εει,
472 5622 643 5676 decantatio.

222 5679 233 5711 ⁸
247 5687 284 5729 stc
295 5688 347 5733 stas.
356 5684 415 5735 tutti
426 5693 517 5746 autent,
533 5698 609 5743 seins.

690 245 734 301 ot:
752 245 913 302 stttt'ats
934 246 1001 314 titt,
1020 247 1048 304 S
1070 248 1254 306 auussttxt

1735 244 1786 302 5⁰8

998 362 1131 431 mina,cui
1143 374 1215 419 esset
1226 363 1312 418 adbuc
1325 362 1430 431 aliquod
1443 362 1562 433 pariendi
1579 373 1684 432 tempus
1698 370 1786 415 extre-

999 471 1081 517 mum,
1096 471 1222 525 generare
1235 458 1290 525 ipsc
1313 456 1338 509 in
1358 456 1399 509 illa
1417 463 1496 509 aetate
1514 450 1607 508 adlrue'
1622 460 1723 522 posset.
1747 452 1785 506 dd

998 548 1094 617 aliquid
1110 550 1179 602 cuim
1195 558 1344 603 conatuum
1359 562 1455 616 carptus
1475 546 1623 615 intelligere
1645 545 1784 606 delrenrus,

999 654 1051 690 rann
1063 639 1095 692 ad
1110 640 1208 692 ιιιιιιιιιι.
1229 637 1295 693 Nam
1309 637 1332 693 si
1347 638 1379 692 ad
1394 638 1482 691 omnia
1495 678 1502 701 ,
1517 653 1569 691 non
1589 637 1646 707 jam
1662 645 1785 690 senectus

999 730 1061 791 riri,
1077 729 1123 784 sed
1138 730 1250 783 cadaver
1261 740 1303 784 est
1317 729 1423 783 nrortui.
1438 728 1653 796 eramrisctiam
1664 728 1703 781 sie
1718 727 1782 781 solri

999 820 1083 873 satem
1107 821 1157 873 ista
1171 821 1301 888 questio,
1325 819 1395 889 quod
1416 818 1450 873 de
1462 817 1574 874 Cctluna
1591 826 1682 888 postea
1697 817 1787 886 genuit

1000 908 1144 973 Abrabam,
1157 908 1218 977 quia
1235 907 1356 977 giguendi
1371 908 1468 963 donum
1480 948 1487 974 ,
1500 908 1569 978 quud
1583 922 1598 960 a
1612 907 1728 961 Domino
1741 921 1786 961 ac·

999 1001 1080 1068 cepit,
1095 1002 1173 1053 etiarn
1190 1009 1249 1070 post
1259 1001 1359 1055 obitum
1375 1001 1472 1054 niarasit
1487 1001 1586 1055 rasoris.
1597 1000 1649 1054 Sed
1665 1011 1787 1069 propter·

1000 1107 1030 1146 ea
1060 1091 1124 1145 mihi
1148 1092 1252 1146 ridetur
1286 1093 1350 1155 illa,
1374 1108 1453 1163 quam
1474 1093 1557 1147 secuti
1577 1108 1685 1155 surmus,
1710 1094 1788 1163 liujus

1001 1184 1155 1252 quaestionis
1170 1184 1267 1238 solutio
1283 1182 1456 1251 preferenda,
1474 1185 1534 1252 qnia
1549 1183 1722 1238 centenarius
1732 1184 1789 1252 qui·

1001 1272 1060 1326 dem
1077 1287 1175 1335 senex,
1195 1272 1242 1326 sed
1257 1273 1383 1341 temporis
1396 1274 1479 1326 nostri
1493 1314 1500 1337 ,
1516 1271 1549 1327 de
1564 1272 1634 1326 nulla
1654 1282 1741 1342 potest
1753 1272 1790 1327 lc·

1002 1366 1072 1418 ruina
1084 1366 1210 1434 gignere;
1224 1379 1276 1418 trun
1293 1374 1363 1429 tunc,
1379 1365 1484 1437 quando
1496 1366 1581 1420 adbuc
1596 1375 1648 1420 tam
1658 1367 1703 1420 diu
1720 1367 1789 1421 rire·

1002 1456 1082 1518 bant,
1108 1465 1136 1509 ut
1159 1467 1264 1510 εειιιιιιιι
1288 1458 1350 1510 anari
1375 1456 1490 1511 nondum
1512 1456 1631 1512 lacerent
1656 1457 1790 1512 leunsinem

1002 1548 1143 1617 decrepita)
1159 1549 1313 1603 settectutis.

1002 1661 1115 1718 CAPUT
1125 1660 1223 1717 XXlX.
1233 1661 1314 1715 -De
1326 1662 1406 1716 indus
1418 1661 1476 1714 siris
1492 1659 1529 1713 eet
1543 1661 1650 1729 alipedis,
1665 1659 1791 1729 inquibus

1039 1753 1072 1806 ad
1095 1769 1213 1824 quercum
1232 1752 1348 1808 dlarndre
1370 1752 1519 1824 apparuisse
1543 1752 1653 1806 Abrabae
1669 1751 1792 1805 Dominus

1038 1843 1174 1899 indicatur.

1039 1957 1105 2012 item
1120 1958 1189 2013 Deus
1212 1956 1335 2026 apparuit
1349 1954 1463 2010 abraba
1483 1954 1515 2008 ad
1531 1969 1658 2023 quercum
1675 1953 1793 2008 biumbre

1004 2051 1031 2105 in
1046 2049 1130 2104 tribus
1145 2049 1228 2114 riris,
1255 2062 1322 2118 qnos
1343 2045 1517 2101 dubitandum
1542 2060 1595 2099 non
1616 2056 1657 2099 εει
1677 2045 1794 2114 Arrgelns

1005 2140 1110 2206 luisse3
1136 2139 1256 2208 quamvis
1281 2138 1389 2209 quidam
1419 2138 1573 2192 existiment
1600 2153 1680 2191 tanum
1704 2139 1730 2190 in
1754 2137 1792 2192 eis

1006 2232 1087 2285 luisse
1100 2229 1242 2285 Dominum
1253 2227 1398 2295 Christum,
1410 2238 1560 2285 asserentes
1570 2244 1631 2284 eum
1642 2231 1723 2283 etiam
1733 2239 1794 2285 anto

1007 2324 1189 2380 indumentum
1204 2324 1292 2377 carnis
1306 2321 1388 2377 luisse
1410 2323 1539 2377 risibilem
1559 2322 1607 2394 (a).
1626 2323 1676 2378 Est
1689 2324 1795 2392 quidem

1006 2415 1102 2469 ‹liriuae
1121 2415 1278 2483 potestatis,
1293 2424 1319 2468 ct
1333 2413 1483 2476 inuisibilis,
1500 2414 1674 2484 incorporalis
1687 2415 1792 2469 incram-

1007 2507 1194 2578 mutabilisquc
1208 2513 1320 2568 natura,
1351 2506 1408 2560 sinc
1432 2505 1483 2559 ulla
1496 2507 1535 2558 sui
1551 2506 1698 2560 secutatione
1713 2509 1795 2562 ctiam

1009 2599 1162 2653 rnnrtalibus
1176 2599 1326 2667 aspectibus
1337 2613 1474 2667 apparere,
1491 2614 1543 2652 noar
1559 2599 1642 2667 perid
1658 2599 1728 2669 quod
1744 2610 1795 2662 est,

1008 2689 1054 2742 sed
1067 2704 1115 2759 per
1129 2687 1228 2758 aliquid
1243 2688 1312 2758 quod
1331 2688 1380 2741 sibi
1401 2687 1533 2742 subditum
1554 2699 1604 2742 est.
1624 2689 1693 2754 Quid
1707 2700 1796 2744 autem

1009 2779 1045 2832 illi
1059 2779 1193 2833 subditum
1209 2794 1260 2832 nun
1275 2779 1334 2833 esti
1346 2778 1535 2834 Verumtamen
1546 2780 1567 2833 si
1583 2790 1724 2850 propterea
1735 2796 1798 2834 con·

1010 2872 1116 2925 firmant
1130 2873 1223 2925 lrorum
1245 2871 1321 2924 trium
1336 2870 1450 2940 aliquem
1474 2869 1556 2924 luisse
1569 2870 1721 2934 Christum,
1737 2872 1798 2940 quia

1010 2981 1069 3018 cum
1082 2973 1136 3020 tres
1150 2963 1270 3023 vidisset,
1285 2963 1317 3015 ad
1333 2963 1471 3016 [laurinum
1484 2963 1653 3030 singulariter
1667 2974 1707 3017 est
1722 2963 1798 3017 locu·

1011 3068 1053 3115 tus
1071 3076 1078 3112 t
1093 3058 1131 3112 sic
1144 3058 1214 3111 tanim
1235 3056 1432 3124 scriptumest,
1455 3055 1488 3108 lit
1501 3072 1558 3109 cccc
1573 3067 1622 3109 tres
1637 3056 1683 3108 oiri
1698 3056 1800 3110 stabant

1011 3167 1087 3220 snper
1102 3165 1179 3214 etam,
1206 3159 1229 3201 et
1245 3147 1330 3201 uidens
1347 3147 1501 3217 procucurrit
1516 3147 1612 3200 obuiam
1628 3147 1680 3201 silis
1692 3148 1724 3200 ab
1737 3148 1800 3201 ostie

1013 3239 1167 3294 tabernaculi
1181 3240 1239 3306 sni,
1262 3249 1285 3293 et
1307 3239 1421 3292 adorauit
1442 3255 1518 3308 snper
1539 3247 1648 3303 terrant,
1672 3249 1695 3291 et
1712 3240 1800 3293 airis:

1013 3334 1131 3398 licetine,
1145 3333 1167 3388 si
1179 3333 1261 3385 irrueni
1273 3330 1382 3402 qratiam
1395 3339 1453 3384 ante
1468 3340 1492 3384 te
1506 3328 1581 3401 (Gen.
1598 3346 1677 3395 svnt,
1693 3331 1761 3400 1-5),
1776 3340 1802 3385 ει

1013 3436 1108 3479 caetera
1124 3440 1131 3475 :
1146 3437 1195 3477 cur
1213 3437 1265 3477 non
1287 3422 1367 3476 etiam
1379 3421 1442 3475 illud
1457 3421 1615 3487 advertunt,
1635 3421 1703 3475 duos
1718 3438 1750 3475 cx
1764 3423 1803 3476 eis

1013 3514 1136 3579 venisse,
1151 3521 1182 3566 ut
1194 3512 1339 3567 Sodomita
1352 3512 1523 3576 delerentur,
1547 3527 1607 3565 curn
1621 3512 1709 3566 adbuc
1723 3513 1802 3566 ‚lbra-

1015 3604 1075 3659 ham
1091 3604 1123 3658 ad
1138 3619 1221 3658 unum
1244 3602 1419 3672 loqueretur,
1446 3603 1585 3656 [lentinum
1599 3603 1756 3672 appellans,
1777 3613 1804 3657 et

1015 3694 1183 3751 intercedens
1197 3709 1231 3748 ne
1245 3695 1323 3748 simul
1336 3693 1437 3763 justum
1454 3709 1514 3747 eum
1531 3693 1612 3762 impio
1633 3695 1658 3748 ιιι
1679 3694 1805 3748 Sardoniis

1016 3784 1161 3856 perderet?
1176 3785 1237 3838 lllos
1249 3791 1337 3838 ειιιειιι
1351 3783 1464 3838 duossic
1479 3785 1594 3853 suscepit
1608 3784 1666 3848 Lot,
1683 3794 1712 3838 ut
1724 3786 1804 3840 etiarn

1017 3879 1073 3949 ipse
1088 3879 1114 3933 in
1127 3877 1262 3947 colloquio
1271 3893 1332 3931 cum
1345 3875 1396 3930 illis
1414 3892 1463 3930 suo
1477 3877 1645 3946 singulariter
1659 3877 1802 3932 Dominum

1017 3971 1161 4043 appellaret
1174 3969 1194 4023 ¹.
1221 3969 1287 4024 Nam
1299 3984 1359 4023 curn
1379 3967 1418 4023 eis
1431 3968 1570 4039 pluraliter
1582 3968 1711 4033 dixisset,
1727 3968 1805 4037 Ecce,

1018 4064 1123 4127 deretini,
1137 4061 1260 4116 declinate
1269 4061 1294 4114 in
1307 4060 1409 4113 damiam
1420 4061 1491 4131 pueri
1504 4061 1589 4124 uestri,
1605 4069 1632 4113 et
1641 4069 1737 4114 catera
1748 4078 1807 4130 quur

1018 4154 1054 4210 ibi
1068 4153 1195 4210 dicuutur
1208 4170 1214 4206 :
1227 4160 1318 4223 postea
1330 4161 1416 4206 tamen
1434 4151 1468 4204 ita
1484 4151 1596 4220 legitur,
1619 4150 1651 4202 ιιι
1674 4159 1808 4204 tennerunt

1019 4244 1109 4316 tapeti
1122 4260 1224 4297 manum
1235 4243 1304 4313 ejus,
1327 4251 1349 4295 et
1362 4257 1465 4294 titanum
1478 4242 1564 4295 neoris
1579 4241 1652 4311 ejas,
1675 4252 1698 4293 et
1720 4258 1810 4296 manns

1020 4337 1128 4390 duarum
1143 4336 1255 4405 tiliarum
1270 4335 1343 4405 ejus,
1358 4334 1384 4387 in
1399 4336 1410 4365 ¹
1428 4350 1456 4387 ea
1471 4334 1537 4401 qnod
1556 4343 1668 4401 parceret
1680 4331 1810 4386 Danrinns

1020 4429 1079 4500 ipsi.
1103 4426 1138 4480 Et
1150 4428 1246 4498 sactum
1260 4436 1315 4493 est,
1329 4441 1388 4479 moa
1401 4436 1428 4478 nt
1442 4424 1579 4478 edneernut
1593 4424 1665 4477 iliam
1677 4427 1768 4493 saras,
1787 4432 1810 4477 et

1021 4521 1138 4575 dixerunt
1148 4535 1158 4572 .·
1169 4519 1272 4574 Saluum
1283 4517 1324 4588 {ac
1333 4518 1444 4570 animam
1454 4527 1531 4580 tnanr,
1542 4531 1573 4568 ne
1582 4515 1721 4584 respexeris
1728 4526 1807 4577 retra,

1022 4629 1067 4666 nec
1079 4612 1176 4666 steteris
1188 4613 1214 4664 in
1227 4621 1278 4663 tota
1289 4610 1391 4681 repione
1406 4624 1415 4662 .·
1428 4609 1454 4660 in
1467 4617 1550 4661 niente
1559 4607 1656 4660 saluum
1668 4615 1691 4661 te
1705 4610 1747 4677 fac
1758 4646 1766 4670 ,
1779 4624 1811 4661 ne

1022 4704 1123 4776 quando
1135 4703 1364 4774 comprehendaris.
1376 4700 1541 4754 visitantem
1553 4697 1601 4752 Lot
1612 4698 1645 4750 ad
1655 4697 1713 4752 iilos
1725 4714 1734 4752 :
1746 4697 1810 4777 Ora,

1057 4891 1065 4919 ¹
1082 4882 1133 4935 sota
1144 4882 1218 4932 editio
1228 4888 1293 4937 tar,
1304 4876 1330 4928 in
1339 4875 1453 4940 colloquio
1461 4889 1504 4927 suo
1511 4887 1565 4924 cnut
1574 4873 1623 4925 illis
1635 4875 1694 4924 duos
1704 4872 1811 4938 singula

1024 4948 1083 4999 riter
1096 4943 1223 4995 trontinum
1232 4939 1372 5005 appellaret.
1662 4996 1668 5007 ἱ
1760 4999 1764 5008 .

1056 5012 1067 5041 ¹
1083 5004 1207 5063 carticula,
1218 5006 1251 5062 in,
1267 5002 1339 5051 deest
1351 4999 1472 5071 ineditis:
1484 4997 1529 5048 scd
1547 4997 1651 5047 babetur
1662 5009 1687 5045 tn
1702 4999 1812 5048 omnstnu

1025 5069 1192 5128 manuscriptis
1199 5068 1267 5128 juxta
1279 5068 1441 5124 septuaginta.
1500 5122 1504 5130 ¹
1757 5121 1762 5130 .

1057 5134 1094 5195 (a)
1111 5137 1143 5179 ltu
1154 5129 1292 5177 docueruut
1303 5121 1474 5180 Tertullianus,
1489 5121 1544 5169 lrlrri
1551 5119 1583 5168 de
1593 5127 1668 5168 tarne
1678 5119 1763 5168 cirrisu
1773 5133 1812 5168 ca-

1026 5196 1076 5291 ll*
1087 5193 1111 5252 θ’
1120 5188 1374 5296 9⁰⁰¹'³'·¹¹‘¹³⁹l⁸u⁰²l·'·
1386 5183 1411 5242 θ’
1420 5183 1666 5292 lllttlstitli‘s
1678 5181 1813 5294 'ilidii

1027 5252 1196 5375 Hssgtl'tbdg,
1202 5259 1506 5369 Q’slemengltigrimrrms,
1514 5257 1742 5376 cedstitutiuriurulaq
1751 5278 1812 5353 o'sto

1027 5380 1124 5430 licantm
1134 5376 1214 5435 capite
1224 5372 1250 5421 at
1261 5386 1267 5429 ;
1277 5372 1381 5419 tustinus
1388 5376 1479 5437 martyr,
1490 5370 1512 5416 in
1522 5363 1617 5428 dialogo
1623 5374 1704 5415 contra
1711 5365 1814 5428 trypho

1027 5453 1099 5497 uetrr;
1112 5437 1235 5490 eusebius,
1248 5434 1356 5482 ttistoriu‘
1369 5430 1538 5480 ecclesiasticis
1550 5427 1611 5476 libro
1623 5429 1645 5481 l,
1659 5439 1710 5499 sap.
1722 5427 1745 5474 2.
1762 5435 1812 5475 tro

1028 5497 1128 5552 habilior
1138 5506 1218 5546 tamen
1227 5503 1266 5545 est
1276 5493 1399 5545 sententia
1410 5490 1541 5554 augustini,
1554 5503 1626 5552 quarn
1638 5497 1711 5537 ettam
1724 5488 1815 5548 profers

1029 5566 1053 5614 iu
1064 5563 1124 5610 libro
1135 5558 1150 5608 ἑ
1167 5558 1200 5606 de
1211 5558 1336 5614 trinitate,
1345 5568 1370 5603 n.
1381 5553 1420 5612 et,
1435 5560 1463 5603 ει
1477 5553 1501 5600 ιιι
1514 5551 1574 5600 libro
1585 5550 1600 5599 2
1613 5558 1695 5622 contra
1706 5554 1828 5602 uniam.

1029 5639 1095 5681 rruru,
1107 5634 1159 5682 ειιιι.
1167 5619 1206 5678 ⁶26,
1217 5633 1258 5667 rru.
1271 5618 1286 5666 5
1297 5625 1324 5666 ct
1335 5618 1363 5675 o;
1372 5617 1410 5665 cui
1422 5615 1530 5674 denique
1541 5619 1661 5664 consentit
1670 5615 1816 5674 ambrosius,

1030 5689 1091 5740 libro
1101 5686 1111 5735 l
1122 5684 1153 5735 dc
1166 5683 1290 5743 atrrauaau,
1299 5692 1350 5744 cap.
1362 5680 1386 5731 5.
1403 5686 1525 5733 cupreus.
