3900 6390
439 481 518 585 ia
564 481 839 586 Tonans
897 481 1293 587 sabrinam

430 732 436 745 ·
609 779 612 786 -
706 684 1041 864 lisama

112 1027 283 1107 Postquam
297 1025 474 1108 dogmatica
487 1041 586 1104 opera
599 1022 753 1091 dedimus.
765 1022 883 1100 quibus
896 1023 1070 1087 Ecclesiam
1087 1024 1239 1088 iuiurmat
1254 1028 1451 1108 Augustinus
1466 1035 1632 1117 creditque
1644 1041 1684 1106 ad

72 1107 241 1185 pietatem
259 1111 380 1168 restant
393 1104 514 1167 edenda
528 1102 675 1179 deinceps
692 1101 809 1179 scripta
823 1101 893 1181 ejus
910 1102 1077 1180 polemica,
1094 1121 1166 1181 quia
1179 1122 1237 1182 pro
1251 1105 1401 1170 Ecclesia
1413 1110 1596 1178 defensioue
1609 1136 1685 1180 con·

73 1201 167 1248 verso
180 1185 212 1245 in
227 1185 327 1263 ipsius
342 1184 447 1245 hostes
462 1182 535 1244 stilo
548 1180 736 1258 composuit.
762 1179 992 1242 Polemicorum
1008 1186 1116 1242 autem
1129 1184 1231 1259 primo
1247 1184 1359 1246 ordine
1374 1185 1464 1250 ollert
1479 1208 1549 1254 sese
1587 1198 1685 1260 rande
1740 1189 1741 1193 ’

72 1280 154 1343 opus
169 1270 279 1324 contra
293 1265 334 1324 Pa
358 1278 449 1335 anos,
465 1259 664 1322 adversarios
679 1257 849 1320 Christiani
866 1257 1004 1321 nominis
1018 1259 1137 1351 primos
1151 1265 1183 1352 et
1196 1265 1396 1353 praescieris
1412 1269 1513 1346 magis
1529 1213 1682 1356 infensos,

71 1342 129 1419 qui
145 1342 241 1401 unius
255 1341 320 1402 ieri
335 1280 390 1402 bei
400 1340 538 1401 cultores
553 1342 664 1416 aperto
679 1336 763 1397 bello
776 1349 912 1414 semper,
927 1337 1133 1399 autadbibita
1148 1356 1178 1399 vi
1193 1345 1390 1419 scientiaque,
1402 1352 1457 1406 aut
1468 1355 1552 1411 certe
1563 1352 1682 1416 odiosis

71 1420 349 1481 criminationibus
370 1424 446 1481 suut
466 1416 635 1509 persecuti.
662 1414 909 1506 idololatrarum
921 1415 1006 1476 enim
1020 1421 1209 1493 perpetuum
1230 1417 1317 1480 hunc
1337 1418 1436 1483 luisse
1454 1443 1587 1500 morem,
1604 1439 1640 1491 ut
1654 1433 1681 1494 si

70 1515 138 1589 qua
151 1497 220 1558 orbi
234 1496 397 1559 calamitas
408 1496 584 1564 accidisset,
599 1493 682 1555 banc
695 1493 841 1572 religioni
855 1491 1042 1556 Christiana
1056 1495 1261 1573 imputarent,
1276 1515 1369 1559 uerno
1385 1504 1500 1581 estqui
1514 1522 1578 1567 non
1595 1509 1682 1570 intel

70 1575 150 1655 ligat
164 1593 204 1637 cx
219 1575 355 1637 lectione
371 1581 526 1646 veterum,
540 1571 740 1643 Tertulliani,
758 1570 904 1645 Arnobii,
924 1570 1094 1652 Cypriani,
1117 1574 1173 1650 qui
1198 1574 1274 1635 olim
1297 1593 1356 1637 suo
1382 1581 1519 1660 quisque
1540 1590 1682 1665 tempore

71 1654 242 1732 impiorum
255 1657 498 1715 obtrectationes
512 1650 637 1729 scriptis
652 1650 858 1729 apologeticis
874 1651 1063 1729 propulsare
1076 1668 1135 1729 pro
1149 1652 1232 1714 virili
1247 1656 1487 1720 contenderunt.
1503 1661 1549 1722 lm
1573 1673 1682 1730 erante

70 1736 182 1822 postea
196 1732 351 1802 Honorio,
369 1749 443 1792 cuin
461 1733 568 1792 llomas
581 1744 737 1792 summam
752 1727 876 1789 cladem
892 1727 1068 1790 Gothorum
1085 1731 1431 1807 exercitusiutulisset,
1448 1683 1681 1807 recruduerant

70 1809 247 1871 infidelium
270 1810 420 1902 querela,
443 1810 602 1886 solitoque
620 1807 767 1869 acerbius
782 1812 813 1868 et
826 1806 1014 1886 iniuriosius
1032 1809 1096 1869 lieo
1112 1827 1187 1872 iero
1201 1814 1379 1876 obtrectare
1396 1827 1570 1894 cuperant,
1584 1824 1680 1885 eiici-

69 1887 158 1948 dium
173 1888 263 1950 Urbis
278 1908 310 1949 in
325 1888 536 1949 Christianam
550 1886 734 1965 religionem
747 1885 946 1946 odiosissime
960 1885 1145 1948 relerentes.
1171 1890 1250 1951 Nam
1295 1891 1349 1953 uia
1370 1912 1428 1971 pcr
1447 1897 1680 1976 Imperatorum

70 1965 157 2044 leges
172 1968 290 2029 nemini
302 1967 368 2058 jam
382 1967 485 2028 colere
499 1966 573 2026 deos
588 1965 714 2036 licebat,
729 1965 861 2055 hornam
874 1963 1075 2037 tutelaribus,
1087 1967 1204 2044 quibus
1217 1908 1394 2033 conditores
1409 1972 1496 2035 illam
1510 1979 1559 2038 sui
1574 1987 1680 2042 custo-

71 2044 217 2106 diendam
231 2046 449 2114 crediderant,
464 2044 523 2104 diis
536 2042 716 2105 destitutam
735 2042 911 2104 inevitabili
924 2044 1023 2105 exitio
1038 2045 1188 2108 cecidisse
1201 2090 1210 2119 ,
1224 2052 1320 2124 atquc
1336 2067 1375 2109 ex
1391 2051 1467 2129 ipsis
1485 2054 1567 2116 haud
1584 2057 1679 2122 dubie

70 2122 271 2196 Christianis,
285 2124 341 2202 qui
355 2124 388 2183 in
402 2121 491 2184 Urbis
506 2122 680 2200 direptione
695 2137 862 2183 commuue
874 2121 1017 2183 omnium
1031 2123 1200 2186 discrimen
1216 2131 1247 2186 et
1260 2126 1450 2203 captivitatis
1464 2131 1598 2212 iujurias
1612 2137 1680 2198 mi-

71 2201 156 2262 nime
169 2202 357 2273 evasissent,
370 2202 467 2265 totius
479 2201 555 2263 mali
569 2215 699 2262 causam
709 2204 813 2261 ortam
825 2217 896 2262 csse
909 2201 1126 2263 clamitabant.
1143 2203 1233 2265 Tunc
1247 2221 1282 2264 er
1304 2221 1324 2265 u
1337 2206 1406 2268 zelo
1420 2207 1532 2273 domus
1545 2214 1605 2274 Dei
1622 2233 1679 2277 cx·

70 2279 238 2342 ardescens
253 2281 302 2340 Au
347 2280 463 2353 stiuus,
475 2280 618 2342 animum
632 2277 759 2338 induxit
773 2295 855 2356 opus
868 2283 980 2341 contra
998 2279 1213 2358 blasphemos,
1227 2282 1273 2344 De
1283 2222 1419 2348 Civitate
1432 2287 1489 2348 Dei
1503 2309 1679 2370 nuncupa-

69 2362 157 2428 tum,
184 2359 307 2419 conseri
349 2376 384 2419 re
399 2377 407 2416 i
420 2375 486 2434 quo
511 2358 665 2418 immenso
688 2356 798 2418 labore
819 2356 980 2434 quomodo
1002 2357 1217 2422 Cbristianam
1238 2362 1424 2441 religionem
1448 2367 1632 2443 ulciscatur,
1647 2378 1679 2434 et

70 2436 209 2513 explicat
222 2437 289 2515 ipse
304 2436 440 2499 breviter
451 2436 484 2496 iu
496 2435 728 2499 lletractatione
739 2452 810 2512 quie
819 2436 907 2514 uperi
921 2436 1040 2518 praefigi
1051 2439 1142 2509 solet,
1154 2446 1185 2501 et
1194 2439 1386 2503 luculentius
1398 2443 1510 2506 decent
1523 2447 1679 2512 librorum

70 2521 257 2653 argumenta
276 2515 495 2594 singulorum,
516 2532 588 2594 quia
599 2513 660 2575 hac
675 2519 813 2605 primum
826 2513 964 2577 editione
978 2535 1035 2608 per
1049 2534 1108 2578 uos
1123 2517 1271 2579 intrante
1287 2519 1456 2583 voluminis
1472 2525 1675 2590 exhibentur.

131 2598 216 2654 artes
232 2594 337 2671 operis
352 2594 430 2656 duas
442 2594 616 2671 presertim
626 2590 699 2653 lacit
710 2611 718 2650 ε
730 2592 843 2663 altera,
858 2610 930 2669 quie
941 2611 1064 2673 priores
1076 2596 1184 2657 decem
1194 2597 1291 2657 libros
1303 2599 1531 2677 complectitur,
1541 2606 1676 2685 Paganis

70 2670 276 2749 respondens,
289 2676 429 2734 vetustas
447 2671 574 2733 illorum
587 2670 753 2749 opiniones
767 2670 806 2732 de
818 2669 951 2734 deorum
964 2674 1065 2748 cultu,
1079 2692 1177 2752 quem
1190 2675 1245 2735 alii
1260 2682 1388 2754 propter
1399 2677 1483 2743 banc
1497 2683 1605 2750 vitam.
1620 2686 1675 2747 alii

70 2749 371 2837 proptcrnluturain,
391 2768 462 2815 csse
481 2749 592 2815 utilem
609 2749 824 2830 disputabant,
842 2751 950 2814 evellit
972 2770 1014 2814 cx
1038 2753 1170 2824 animis;
1193 2753 1307 2827 alteru,
1333 2756 1500 2836 utriusque
1522 2759 1676 2832 Civitatis,

69 2832 178 2892 mundi
199 2837 229 2893 et
248 2833 317 2904 Dei,
336 2832 451 2911 quibus
466 2831 619 2902 universi,
638 2830 749 2909 Augeli
763 2835 795 2890 et
807 2828 963 2902 homines,
980 2831 1039 2893 hac
1053 2831 1102 2893 iel
1119 2832 1173 2893 illa
1188 2832 1496 2912 comprehendimur,
1515 2846 1675 2916 exortum,

68 2926 268 2987 procursum,
282 2910 403 2971 exitum
416 2909 542 2972 tandem
557 2911 624 2971 siie
637 2909 757 2970 debitos
772 2907 852 2970 lines
867 2910 1009 3001 exponit.

106 2989 237 3050 Maximi
253 2989 403 3050 momenti
418 3006 497 3067 opus
512 2989 653 3051 maxima
666 3003 745 3050 cura
758 2987 938 3051 elaborarit
951 3004 1010 3067 pro
1024 2989 1166 3051 materiis
1177 2991 1361 3068 prestantia
1377 2997 1408 3053 et
1421 2993 1584 3072 dignitate,
1599 3015 1677 3075 pro-

69 3072 165 3143 utque
181 3067 283 3128 virum
295 3067 425 3130 decebat
437 3071 467 3129 et
481 3083 604 3129 summo
620 3067 748 3146 ingenie
761 3065 945 3158 preditum,
959 3071 991 3127 et
1003 3068 1145 3128 omnium
1161 3067 1365 3129 scientiarum
1381 3088 1496 3148 genere
1509 3078 1678 3137 ornatissi-

70 3162 166 3205 mum.
189 3146 268 3207 Nam
290 3147 428 3208 immane
445 3146 529 3207 dictu
546 3150 594 3207 est
605 3151 727 3223 quauta
738 3145 790 3207 hic
804 3147 845 3206 sit
858 3164 966 3208 rerum
981 3145 1137 3217 varietas,
1152 3162 1249 3222 quam
1264 3147 1394 3224 profusa
1408 3150 1562 3221 eruditio,
1578 3172 1675 3231 quain

69 3223 168 3285 solers
187 3229 217 3285 ct
238 3225 397 3302 exquisita
412 3225 493 3287 ratio
507 3224 681 3286 disserendi
701 3225 818 3301 :quasi
831 3225 911 3285 nibil
923 3230 1072 3286 strenuus
1088 3223 1229 3285 Civitatis
1241 3225 1296 3284 Dei
1309 3225 1426 3286 vindex
1444 3228 1596 3298 volucrit,
1613 3251 1676 3294 ne-

69 3319 129 3378 que
145 3304 223 3364 artis
238 3309 268 3364 et
281 3303 454 3375 industrie,
473 3321 577 3380 neque
591 3302 778 3363 eruditionis
797 3303 864 3363 sive
883 3319 993 3371 sacra,
1009 3304 1077 3363 sive
1090 3302 1246 3379 prolana,
1262 3302 1435 3366 desiderari
1450 3307 1499 3366 his
1514 3309 1671 3372 inlibris:

69 3387 91 3439 e'
104 3381 220 3455 quibus
235 3398 269 3442 re
284 3381 353 3458 ipsa
366 3387 519 3458 tauquam
536 3399 649 3472 epeuu
666 3380 872 3441 rclcrtissiruo
888 3381 1003 3442 eruditi
1017 3380 1229 3458 disputatores
1244 3382 1436 3459 quicumque
1451 3384 1601 3449 adversus
1617 3391 1674 3450 im-

69 3458 137 3535 pios
151 3459 264 3521 divinus
278 3460 439 3538 religionis
455 3459 669 3521 defensionem
684 3458 816 3536 posthac
828 3459 1016 3536 suscipiunt,
1027 3476 1119 3536 opem
1129 3458 1290 3536 etcopiam
1303 3460 1362 3520 sibi
1372 3463 1537 3538 petendam
1549 3475 1672 3544 putant.

107 3537 276 3599 Volumina
291 3539 393 3615 prima
408 3537 503 3616 hujus
517 3538 621 3616 operis
640 3553 703 3597 uon
719 3537 790 3614 plus
803 3537 865 3598 tria
877 3537 1001 3599 viderat
1011 3537 1216 3598 Macedonius
1232 3537 1344 3623 Africa
1357 3540 1507 3614 vicarius,
1522 3563 1595 3604 cum
1615 3549 1677 3607 ob-

69 3615 261 3692 stupefactus
278 3617 493 3688 admiratione,
500 3615 664 3693 rescripsit
678 3614 879 3693 Augustino:
896 3616 995 3676 «hliro
1008 3615 1101 3676 modo
1114 3615 1236 3676 allicior
1250 3617 1406 3693 sapientia
1418 3627 1484 3690 tua,
1501 3628 1559 3682 etc.
1573 3626 1675 3685 «Nam

70 3700 127 3753 «el
143 3693 227 3755 illa»
253 3712 323 3771 quie
345 3695 468 3755 edidisti
493 3700 642 3755 «tautum
658 3692 777 3755 habeut
789 3695 956 3766 acuminis,
970 3694 1121 3766 scientim,
1132 3695 1321 3765 sanctitatis,
1335 3700 1371 3756 ut
1387 3698 1466 3758 nihil
1481 3718 1579 3778 supra
1593 3705 1644 3764 sil.
1659 3726 1673 3761 s

69 3769 257 3848 lloxquedc
271 3773 381 3834 iisdem
398 3793 406 3831 r
422 3796 436 3829 u
450 3773 633 3851 Explicui,»
656 3774 721 3842 ait,
741 3776 838 3832 aluos
854 3773 970 3843 libros;
992 3790 1096 3850 neque
1118 3774 1203 3834 enim
1228 3780 1292 3835 tani
1315 3773 1456 3853 languidi
1480 3785 1536 3838 aut
1557 3781 1675 3844 inertes

69 3855 169 3922 erant,
188 3855 224 3910 ut
237 3868 287 3910 me
300 3851 387 3912 aliud
404 3868 501 3930 quani
514 3869 548 3912 se
562 3868 676 3912 curare
695 3855 880 3928 paterentur
895 3871 903 3910 ι
928 3851 1105 3929 injecerunt
1119 3868 1270 3921 manum,
1286 3858 1494 3932 ereptumque
1516 3858 1587 3919 aliis
1602 3861 1675 3921 sol-

69 3927 266 3988 licitudinum
278 3930 405 3998 causis,
428 3931 495 3991 suis
514 3929 651 3990 vinculis
667 3927 832 4007 illigarunt
850 3949 858 3988 s
884 3930 928 3991 ita
942 3929 1026 4011 enim
1049 3929 1126 3988 mihi
1140 3929 1224 3990 Deus
1239 3931 1396 4007 propitius
1410 3933 1461 4004 sit,
1478 3937 1514 3994 ut
1527 3953 1586 4014 ego
1609 3955 1675 3999 an.

69 4023 139 4083 ceps
151 4007 211 4066 sini
225 4006 300 4084 quid
316 4008 348 4068 in
363 4009 425 4069 illis
439 4008 540 4087 magis
563 4008 672 4076 mirer,
693 4006 860 4068 sacerdotii
874 4007 1112 4085 perlectionem,
1133 4007 1341 4086 philosophiae
1355 4010 1512 4088 dogmata,
1534 4014 1675 4077 historiae

69 4084 193 4160 plenam
219 4086 375 4158 notitiam,
391 4103 433 4147 an
455 4086 608 4147 iucundius
628 4085 869 4164 jucunditatem,
893 4103 965 4163 qua
990 4087 1034 4147 ita
1055 4085 1218 4162 imperitos
1239 4087 1333 4147 ctiam
1356 4088 1476 4150 illicere
1498 4098 1619 4169 potest,
1640 4102 1675 4158 ut

69 4161 167 4224 donec
184 4163 345 4241 explicent
359 4181 423 4226 non
438 4165 611 4236 desistant,
636 4168 665 4224 cl
681 4181 752 4225 cum
776 4163 1021 4241 explicaverint,
1043 4164 1147 4225 adhuc
1168 4167 1345 4241 requirant.
1369 4167 1510 4229 Convicti
1535 4189 1675 4251 namque

69 4247 140 4300 sunt
155 4240 355 4319 impudenter
370 4247 568 4320 pertinaces,
586 4265 601 4297 i>
617 4247 676 4302 ctc.
694 4240 821 4320 (Epist.
838 4240 906 4311 151»,
920 4260 975 4302 nn.
992 4242 1020 4313 1,
1035 4241 1088 4320 Ξ).
1100 4243 1220 4303 Paulus
1235 4243 1366 4306 Orosius
1394 4247 1426 4306 in
1438 4248 1621 4325 prelatione
1636 4254 1676 4314 ad

68 4317 281 4382 ilistoriarum
295 4320 405 4393 libros,
421 4338 504 4399 quos
523 4320 692 4399 Augustini
713 4320 854 4398 impulsu
871 4320 1020 4389 coniecit,
1035 4320 1144 4380 laudat
1158 4321 1348 4398 perficiendo
1364 4325 1516 4387 adversus
1531 4330 1674 4408 Paganos

68 4397 234 4459 undecimo
257 4399 339 4460 libro
362 4400 572 4471 insistentem,
589 4416 786 4476 «quorum»
803 4399 918 4475 inquit,
938 4423 951 4454 a
961 4398 1028 4478 jain
1041 4398 1148 4460 deceni
1160 4399 1298 4463 orientes
1311 4402 1390 4464 radii
1404 4422 1478 4464 mox
1492 4413 1527 4465 ul
1543 4407 1581 4468 de
1597 4427 1677 4487 spe-

68 4475 140 4537 cula
153 4477 376 4539 ecclesiasticas
392 4478 543 4540 claritatis
561 4478 633 4538 elati
648 4484 740 4547 sunl,
761 4482 827 4537 loto
841 4480 917 4538 orbe
940 4476 1108 4538 lulserunt.
1123 4501 1137 4533 u
1166 4479 1259 4540 iubet
1273 4479 1480 4543 Cassiodorus
1494 4485 1628 4546 Senator
1643 4489 1675 4548 in

67 4551 148 4613 libro
162 4555 420 4629 Institutionum,
440 4558 543 4634 capite
558 4555 679 4616 decimo
700 4562 812 4627 sexto,
833 4563 869 4615 ul
889 4557 987 4616 libros
1001 4556 1039 4616 de
1052 4556 1185 4617 Civitate
1199 4558 1255 4619 Dei
1272 4559 1492 4621 «infastidibili
1509 4563 1676 4626 sedulitate

68 4648 303 4706 percurramus.
318 4634 455 4713 ›rNeque
468 4639 543 4695 sunt
560 4633 620 4694 hoe
636 4633 706 4694 loco
724 4635 934 4711 pretereundi
951 4636 1146 4695 Francorum
1161 4655 1264 4714 reges,
1280 4637 1412 4698 Carolus
1428 4640 1478 4700 hta
1505 4659 1563 4701 uus
1578 4687 1585 4713 ,
1599 4645 1674 4721 qui,

68 4714 144 4771 teste
166 4711 191 4770 E
215 4712 360 4786 inbardo,
378 4713 616 4774 «delectabatur
630 4712 718 4773 libris
733 4713 833 4773 sancti
850 4714 1032 4792 Augustini,
1047 4714 1269 4791 praecipucque
1286 4715 1335 4777 bis
1349 4717 1405 4794 qui
1419 4719 1456 4778 de
1473 4719 1606 4782 Ciuitate
1619 4723 1676 4783 lici

68 4790 170 4865 pretii
227 4791 347 4852 tisuut.
363 4812 378 4847 i
394 4792 439 4853 lie
451 4809 517 4869 quo
530 4797 623 4868 poeta
637 4790 825 4862 Saxonicus,
836 4791 918 4852 libro
932 4793 1045 4868 quinto
1061 4793 1253 4853 Annalium:

547 4901 610 4953 Quos
621 4894 765 4956 augustiuus
772 4893 826 4943 cicli
837 4892 869 4943 de
880 4894 972 4944 ciiibus
980 4892 1049 4941 almis

580 4976 686 5038 scripsit,
698 4983 807 5024 anantes
820 4988 862 5024 eos
871 4975 980 5024 crebrius
990 4974 1107 5023 audierat.

66 5055 198 5118 Carolus
212 5058 286 5120 item
301 5059 451 5134 Quintus,
467 5063 677 5137 cognomento
698 5056 842 5133 Sapiens,
861 5057 915 5133 qui
939 5073 997 5133 pro
1020 5055 1129 5115 iisdem
1151 5056 1242 5119 libris
1262 5058 1373 5150 gallice
1392 5061 1537 5135 redditis,
1553 5063 1679 5144 sibique

69 5138 275 5215 nuncupatis,
288 5138 446 5199 versionis
460 5143 623 5197 auctorem
636 5134 831 5212 amplissima
845 5134 998 5214 dignitate
1013 5135 1104 5195 ausit
1118 5145 1362 5213 exornavitque.

103 5211 265 5276 Eximium
276 5218 422 5294 hocopus
438 5214 615 5276 Marcellini
632 5214 736 5274 studio
746 5214 908 5276 debemus.
924 5215 1116 5288 Quanquam
1127 5214 1211 5273 enini
1224 5216 1421 5293 Augustinus
1434 5218 1572 5282 civitatis
1587 5224 1680 5282 ciale·

68 5290 121 5350 stis
137 5291 292 5356 charitate
305 5295 381 5356 satis
396 5294 605 5356 adduceretur
621 5291 660 5354 ad
677 5292 891 5363 scribendum,
912 5291 983 5354 lecit
1003 5298 1108 5352 lamen
1126 5293 1221 5352 ctiam
1241 5303 1431 5369 provocatus
1446 5314 1465 5358 a
1479 5298 1678 5374 Marcellino,

68 5367 156 5446 cujus
171 5370 238 5433 brec
250 5389 288 5434 ea
302 5373 340 5433 de
353 5390 388 5433 rc
406 5373 439 5432 iii
457 5371 591 5446 epistola
612 5371 652 5432 ad
673 5370 886 5449 Augustiuum
901 5375 1006 5430 exstat
1019 5369 1190 5449 postulatio
1207 5391 1214 5428 :
1232 5396 1245 5425 a
1254 5373 1321 5450 Ego
1334 5391 1410 5434 vero
1424 5376 1463 5436 ad
1477 5377 1543 5439 bec
1558 5383 1677 5451 omnia,

70 5488 260 5522 ..........
287 5451 384 5512 libros
409 5449 519 5511 coullci
543 5450 720 5528 deprecor,
742 5448 908 5516 Ecclesiae,
938 5448 997 5507 lioc
1014 5450 1153 5508 maxime
1171 5455 1330 5528 tempore,
1353 5453 1582 5517 incredibiliter
1602 5475 1681 5534 pro-

68 5522 217 5588 laturos»
241 5528 366 5608 (Epist.
383 5529 460 5597 136,
478 5547 510 5588 n.
524 5529 574 5607 3).
602 5527 659 5589 Cui
681 5527 860 5588 rescribcus
888 5527 1085 5604 Augustinus
1108 5527 1200 5586 initio
1225 5530 1353 5604 quidem
1376 5533 1532 5612 significat
1560 5554 1678 5613 cupcrc

68 5618 102 5663 se
121 5604 158 5670 dc
177 5607 227 5669 his
242 5625 337 5688 agere
362 5631 375 5663 a
397 5625 461 5666 non
486 5607 640 5669 librorum
661 5606 806 5686 nogotio,
826 5604 881 5668 scd
900 5604 1083 5684 epistolari,
1103 5605 1131 5666 si
1150 5611 1255 5685 potest
1278 5615 1327 5672 sat
1351 5629 1440 5683 csse,
1463 5613 1646 5691 colloquio:
1663 5637 1678 5669 s

203 5706 314 5773 siser.
342 5712 478 5783 Aucpsr.
497 5707 565 5768 Vll.
1332 5709 1446 5792 (linc.)
