3900 6390
124 273 177 332 tta
719 262 821 322 tinuit
840 260 987 321 abentius
1005 259 1165 330 Quintus.
1696 259 1748 313 titt

113 378 202 447 partein
216 379 296 443 tuam,
308 391 358 446 qni
377 374 528 448 preparabit
547 376 613 430 anna
636 374 812 448 tramittas.
828 391 847 439 ι,
860 372 899 431 st.
990 374 1017 428 5.
1032 373 1088 428 Νοιι
1102 382 1191 428 autem
1208 373 1269 427 illos
1283 373 1318 427 ita
1330 372 1412 427 luisse
1426 371 1534 440 angelos
1545 369 1602 431 ilci,
1619 380 1648 423 ut
1660 369 1746 423 irorni·

113 465 146 520 h‘t
168 465 311 522 llalachias
328 465 459 538 propheta
479 467 585 537 propria
608 466 731 538 quatiam,
750 466 776 522 id
798 474 840 521 cst
854 465 903 520 sibi
957 479 1004 519 nes
1018 479 1070 517 non
1091 473 1197 527 essent,
1212 464 1281 517 sicut
1300 462 1407 533 quidam
1424 471 1532 532 putant,
1554 461 1601 516 scd
1626 461 1749 517 hornines

112 558 219 630 proprie
241 559 394 631 impertita,
417 560 501 631 gratia
523 558 611 614 dictus
633 567 676 616 est
693 558 803 629 angelus
822 556 904 628 (ila-
957 556 1051 626 procui
1061 555 1142 610 dubio
1155 555 1247 621 irrisae,
1262 555 1400 626 Scriptura
1414 556 1470 624 ipsa
1483 554 1542 608 sine
1554 553 1605 607 ulia
1621 552 1749 624 ambigui·

84 646 87 650 ’
113 652 181 705 tarn.
198 666 228 717 ιι,
241 652 280 723 i).
958 656 1013 703 tate
1026 647 1151 702 declarat.
1167 647 1233 701 Cum
1253 647 1325 701 enim
1344 646 1510 716 premissum
1529 653 1617 709 esset,
1630 644 1700 716 quod
1715 644 1770 704 ni,

149 742 177 798 2.
197 741 297 798 ilerum
312 741 363 799 hoc
382 750 472 799 moret
491 741 633 814 quosdam,
652 743 723 814 quod
741 757 775 798 ex
791 740 906 812 iilis-qui
958 738 1044 792 denter
1062 738 1145 808 angeli
1157 736 1205 792 dei
1215 738 1283 808 filias
1301 738 1441 802 leontinum,
1452 735 1668 806 quintanorum,
1680 749 1765 805 runis,

114 831 179 888 dicti
192 839 255 888 sunt
267 833 356 905 angeli
371 832 430 899 liei,
452 841 479 889 et
495 847 529 890 ex
549 832 707 889 mulieribus
720 847 786 903 qnas
800 845 909 886 amare-
960 838 1063 899 panant
1075 829 1122 883 ribi
1132 845 1223 884 narrar
1234 829 1457 897 morraaibnrqam
1470 828 1613 899 elegerant,·
1627 841 1688 881 mox
1701 826 1750 880 ad-

116 932 188 989 ram,
201 938 255 978 non
267 927 343 995 quasi
360 923 483 981 homines
494 924 601 996 generis
616 924 774 990 nostrised
788 924 908 994 gigantes
956 923 1077 993 junctum
1089 932 1147 986 est,
1160 920 1194 977 Et
1204 922 1268 978 dieii
1282 921 1501 977 annianum.-
1517 919 1578 975 Non
1600 910 1754 991 permanehit

117 1015 229 1087 legimus
252 1030 312 1072 esse
334 1025 422 1072 natos.
447 1016 528 1083 Quasi
551 1031 616 1072 vero
635 1030 747 1086 corpora
771 1015 907 1070 hominnm
931 1061 932 1064 ,
959 1015 1063 1084 apiriam
1076 1031 1155 1069 -arera
1175 1014 1202 1068 ia
1215 1014 1358 1068 hanrinibnr
1381 1014 1466 1067 bisin
1490 1023 1625 1075 aternum,
1649 1003 1753 1083 propter

117 1107 226 1163 modum
242 1118 362 1164 nostruin
378 1109 457 1181 longe
471 1109 638 1176 excedentia,
654 1107 816 1178 quodetiam
828 1121 909 1176 supra
961 1107 1029 1175 qnod
1039 1115 1176 1162 cararent.
1191 1105 1292 1177 Spiritu
1305 1107 1403 1176 quippe
1416 1106 1462 1160 bei
1476 1103 1581 1160 fuerant
1594 1103 1655 1158 iacti
1666 1103 1754 1175 angeli

118 1203 323 1258 commemorari
345 1202 424 1273 (cap.
440 1203 479 1273 9),
495 1218 549 1258 non
567 1201 647 1256 etiam
668 1201 767 1256 nostris
785 1200 910 1272 tempori·
963 1199 1009 1253 bei
1022 1207 1048 1254 et
1062 1198 1108 1252 lilii
1124 1198 1171 1254 llei
1184 1214 1190 1252 :
1205 1198 1252 1254 sed
1263 1197 1422 1272 declinando
1434 1197 1467 1251 nd
1480 1196 1616 1262 interiora,
1633 1195 1755 1251 homines

119 1291 169 1348 bos
183 1304 244 1347 nata
256 1302 326 1349 surrt.
340 1292 434 1350 Nonne
446 1304 508 1349 ante
521 1308 619 1364 paucos
632 1307 727 1357 armos,
739 1307 799 1347 eunt
811 1291 910 1346 Roma·
962 1291 1202 1347 dicunturnomlne
1212 1299 1324 1356 naturae,
1334 1304 1386 1344 non
1399 1288 1500 1360 gratim
1512 1287 1635 1343 dicuntur
1644 1295 1755 1355 etcaro,

120 1401 162 1440 ne
178 1384 263 1453 urbis,
279 1385 349 1457 quod
364 1401 380 1440 a
395 1385 488 1442 Gothis
504 1385 601 1441 iactum
613 1394 664 1450 est,
680 1385 908 1454 appropinquaret
963 1383 1114 1438 desertores
1131 1382 1239 1451 spiritns
1253 1390 1281 1436 et
1298 1379 1448 1436 deserendo
1461 1377 1569 1434 deserti.
1592 1377 1625 1433 Et
1643 1376 1756 1447 Septua-

121 1476 265 1544 excidium,
286 1476 379 1533 Rornae
393 1477 443 1533 luit
464 1477 562 1533 tenna
579 1493 639 1532 curn
659 1492 708 1532 suo
721 1484 797 1559 patre
816 1486 844 1532 et
862 1490 912 1531 sua
962 1475 1035 1545 ginta
1054 1472 1162 1545 quidem
1175 1472 1336 1544 interpretes
1349 1480 1377 1529 et
1397 1472 1506 1543 angelos
1520 1471 1566 1526 ilci
1579 1469 1702 1525 dixerunt
1716 1471 1755 1525 is-

121 1576 223 1637 matre,
248 1584 309 1641 quas
334 1584 447 1642 corpore
470 1568 667 1640 quodammodo
684 1569 807 1639 giganteo
832 1568 912 1639 louge
964 1577 1015 1632 tos,
1029 1565 1139 1621 ettilios
1154 1566 1200 1621 liei
1217 1565 1309 1636 :quod
1330 1565 1436 1635 quidem
1457 1580 1510 1620 noo
1533 1578 1628 1620 omnes
1650 1562 1758 1619 codices

121 1659 225 1713 ceteris
246 1659 501 1729 praemineretihd
523 1676 601 1731 quam
623 1659 760 1716 visendam
784 1657 912 1715 mirabilis
964 1656 1459 1728 hahentroamqoidamnisidiiosbei
1475 1673 1527 1713 non
1542 1645 1757 1726 hahenthquila

121 1748 202 1805 nebat
223 1766 411 1823 usquequaque
425 1766 581 1807 coticursus.
598 1751 631 1806 Et
646 1751 697 1806 boc
716 1760 775 1807 crat
794 1749 912 1806 maxima

121 1840 302 1911 admirationi,
326 1842 396 1912 quod
420 1843 499 1899 ambo
520 1851 645 1913 parentes
664 1844 721 1912 ejus
746 1857 797 1898 trec
816 1840 912 1897 saitem

123 1941 177 1987 tarn
199 1934 270 2005 longi
291 1933 412 1990 homines
431 1944 518 1998 erant.
532 1949 612 2005 quam
631 1935 802 2006 longissimos
823 1932 913 1990 ridere

123 2026 320 2082 consuevimus.
335 2026 482 2084 Potuerunt
501 2042 565 2098 ergo
575 2028 695 2098 gigantes
709 2027 782 2082 trasei
801 2035 828 2082 et
839 2026 914 2097 prius

123 2132 203 2188 quam
226 2117 271 2173 iiiii
286 2119 344 2187 bei,
357 2119 402 2189 qni
421 2127 447 2175 et
466 2119 552 2191 angeli
571 2119 618 2174 bei
633 2118 697 2174 dIcti
717 2127 789 2184 sont,
810 2117 914 2174 iiliabus

124 2209 275 2273 hominnm,
297 2210 348 2266 lroe
369 2220 411 2266 est
433 2211 579 2267 secundum
601 2212 737 2267 hominem
758 2211 913 2278 virentium,

125 2301 319 2367 miscerentur;
336 2301 383 2357 lilii
395 2302 497 2358 scilicet
512 2302 578 2359 Seth
593 2302 698 2358 filiabus
716 2301 791 2357 Cain.
807 2301 873 2357 Nam
888 2311 916 2358 et

123 2393 252 2448 canoniea
267 2392 403 2465 Scriptura
421 2395 460 2450 sic
473 2394 600 2465 loquitur,
617 2396 643 2450 in
657 2410 710 2465 quo
723 2394 792 2450 libro
806 2394 862 2450 baec
875 2394 915 2450 le·

123 2485 221 2556 girnns
232 2485 308 2555 cujus
318 2485 397 2542 rerba
410 2486 458 2541 ista
472 2496 535 2542 sunt
551 2485 602 2540 :lit
617 2489 712 2559 [atara
721 2495 767 2551 eat,
783 2498 916 2557 postquam

124 2587 252 2647 caeperunt
263 2579 376 2633 homines
386 2577 458 2633 anniti
473 2580 529 2649 fieri
539 2593 615 2650 snper
625 2590 727 2644 taram,
742 2579 836 2651 atfiiioe
848 2589 916 2634 nata

123 2677 184 2721 aunt
202 2666 505 2724 stimulationem
524 2670 608 2741 angeli
624 2669 672 2724 bet
692 2669 760 2739 piiss
774 2671 915 2735 hominurn,

125 2757 185 2826 qaia
205 2757 278 2814 hona
295 2769 363 2824 aunt,
389 2768 549 2831 asumpserunt
570 2761 618 2814 aiii
640 2777 730 2815 uxorea
752 2777 783 2815 aa
803 2759 918 2816 omnibns

125 2867 188 2916 qaae
197 2850 333 2923 elegerant.
347 2852 381 2906 Et
393 2852 457 2907 diait
470 2851 595 2908 Dominae
608 2851 676 2907 Dens
689 2869 698 2907 .·
711 2850 772 2907 Noa
785 2870 917 2924 pantana·

127 2942 161 2995 tir
175 2942 280 3012 spiritns
296 2960 365 2998 mens
378 2945 404 2997 ia
422 2943 564 2999 hominihus
576 2943 615 2998 hir
629 2944 656 2998 in
668 2953 801 3010 alanum,
816 2953 919 3016 propter

126 3033 194 3102 gaad
206 3050 266 3089 caro
276 3045 345 3088 runt.
358 3033 439 3089 Erant
451 3045 536 3090 antem
546 3035 601 3091 dier
617 3052 705 3090 aarum
718 3045 818 3090 centnm
831 3035 919 3106 aiginti

127 3127 198 3179 anni.
212 3125 332 3199 Gigantes
347 3138 432 3182 atatem
452 3136 525 3182 erant
538 3144 616 3199 anper
630 3137 722 3181 temam
737 3127 763 3181 in
779 3126 867 3180 dieitur
886 3127 919 3180 ii·

130 3217 162 3271 iia
173 3233 183 3272 .·
196 3229 220 3273 rt
235 3228 291 3289 port
300 3220 433 3274 illuderent
444 3221 567 3275 intrarent
581 3221 629 3288 pilii
643 3218 692 3273 bet
708 3218 744 3272 ad
756 3219 825 3290 filias
839 3218 920 3272 honri-

128 3325 199 3375 rnrnt,
215 3319 238 3363 et
257 3309 408 3380 qcaaahant
426 3310 484 3376 ribi,
499 3310 539 3366 iiii
557 3321 629 3364 erant
643 3310 767 3381 gigantea,
788 3325 804 3361 a
827 3308 919 3363 nacula

129 3399 242 3454 bantiara
261 3400 383 3454 nominati
398 3400 435 3472 (a)
455 3398 530 3471 (Gen.
545 3415 580 3464 ιι,
594 3400 663 3470 1-1).
677 3399 741 3454 ttae
764 3397 824 3453 iibri
839 3397 919 3453 rerba

128 3488 210 3544 divini
228 3491 293 3545 satis
307 3490 434 3558 indicant,
447 3491 502 3560 jam
523 3490 576 3546 illis
593 3489 686 3545 diebus
707 3488 789 3544 inisse
800 3489 920 3560 gigantes

107 3594 209 3650 ‚super
228 3589 337 3646 terrant,
362 3582 469 3652 qnando
497 3581 543 3636 iiiii
565 3581 611 3637 itai
636 3590 798 3650 acceperunt
825 3594 920 3636 uxores

128 3670 198 3727 illias
212 3672 360 3739 hominum,
373 3689 433 3728 curn
449 3688 495 3729 eas
514 3679 635 3727 amarent
649 3672 742 3735 bonas,
761 3670 788 3725 id
805 3678 846 3725 est
861 3672 920 3740 pul·

130 3763 220 3819 cbras.
231 3762 401 3820 Consuetudo
412 3765 510 3835 quippe
526 3764 670 3834 Scriptnrre
681 3761 760 3834 hujus
774 3772 824 3828 est,
840 3763 920 3818 etiam

129 3855 265 3923 speciosos
284 3870 405 3926 corpore,
430 3857 515 3911 honos
533 3871 636 3911 roone
661 3855 714 3912 Sed
733 3863 761 3912 et
781 3864 921 3926 postquam

130 3947 182 4004 hoc
195 3950 292 4005 iactum
313 3959 364 4015 est,
387 3951 441 4004 nati
462 3960 523 4005 sunt
545 3950 675 4021 gigantes.
699 3948 745 4006 Sic
767 3948 919 4004 enimait:

131 4037 252 4111 Gipaatea
272 4049 357 4095 autem
378 4050 448 4095 aratu
470 4057 545 4111 saper
560 4050 652 4095 terram
673 4041 700 4095 in
714 4039 800 4095 diebus
811 4039 864 4096 iiiia
876 4055 886 4094 .·
899 4049 922 4094 et

131 4141 186 4201 part
204 4131 352 4199 attractam
372 4134 493 4186 intrarent
513 4131 563 4201 fittt
583 4132 631 4187 Dei
645 4134 679 4187 ad
691 4133 758 4202 filias
781 4133 919 4187 hominnm.

131 4220 202 4292 Ergo
224 4230 252 4278 ct
275 4231 339 4278 ante
352 4223 377 4278 io
392 4224 443 4279 iilis
456 4224 559 4290 diebus,
574 4232 671 4294 etpost
685 4223 762 4280 iilud.
775 4223 851 4291 Quod
870 4239 921 4279 an·

131 4324 185 4370 tem
198 4314 245 4380 ait,
260 4314 293 4369 Et
307 4317 459 4386 qeaaahant
472 4315 530 4381 aiii,
546 4317 611 4371 satis
624 4317 741 4372 ostendit
754 4317 823 4387 qnod
838 4317 920 4387 prius,

130 4414 272 4475 antequam
286 4409 325 4462 sic
338 4405 465 4462 caderent
478 4406 524 4461 tilii
541 4406 597 4471 bei,
614 4408 669 4462 beo
679 4408 852 4479 generabant,
868 4425 921 4464 non

130 4501 189 4564 sibi,
210 4499 307 4566 idest,
329 4515 381 4556 non
404 4501 558 4556 dominante
582 4501 693 4556 libidine
713 4501 850 4566 coeundi,
874 4503 922 4558 sed

130 4594 263 4649 serviente
273 4593 361 4649 allicio
371 4593 549 4664 propagandi;
564 4609 615 4650 non
629 4593 757 4667 familiam
772 4595 856 4649 tanus
868 4597 920 4662 sui,

130 4683 177 4738 sod
204 4684 276 4739 circs
297 4685 411 4740 civitatis
437 4685 484 4740 Dei
500 4702 507 4738 :
523 4685 618 4755 quibos
643 4687 831 4742 annuntiarent
862 4698 922 4743 tan-

129 4788 209 4841 quam
228 4775 315 4844 angeli
338 4775 395 4839 bci,
416 4784 445 4830 ut
467 4785 598 4846 ponerent
619 4776 645 4831 in
671 4776 726 4831 iteo
748 4792 822 4847 spcrn
846 4794 921 4834 suam

132 4862 224 4932 (Pani.
246 4880 345 4933 nxrvtr,
366 4865 420 4935 71,
442 4867 544 4921 similes
565 4866 636 4921 iilius
654 4867 698 4936 qui
723 4875 800 4922 natus
824 4877 866 4924 est
889 4869 923 4924 de

129 4955 205 5019 Seth,
223 4956 294 5012 itlius
308 4959 523 5026 resurrectionis,
546 4966 576 5013 et
595 4960 711 5026 sperarit
727 4957 852 5014 invocare
874 4975 922 5015 no·

129 5061 191 5102 men
204 5047 309 5103 Domini
321 5049 369 5104 ilci
385 5065 392 5101 :
406 5048 431 5104 in
447 5063 498 5119 qua
513 5063 561 5117 spe
576 5052 671 5104 essent
681 5064 742 5103 cnm
761 5050 818 5105 suis
831 5059 922 5120 poste-

129 5138 167 5199 ris
176 5137 330 5193 cobreredes
343 5148 504 5196 aeternorum
518 5141 659 5204 honorum,
674 5148 702 5194 et
715 5141 765 5195 sub
779 5140 834 5196 boo
848 5149 922 5212 patre

129 5230 226 5287 iratres
238 5231 365 5286 tiliorum.

160 5343 169 5375 ¹
187 5340 312 5403 emacula,
324 5348 411 5405 aman,
422 5357 479 5408 qna
496 5345 584 5396 amima
594 5347 619 5396 in
631 5346 703 5397 editis
714 5343 807 5409 brerat,
819 5344 923 5398 hahetur

127 5405 154 5454 iu
165 5412 218 5456 ttss.
229 5411 255 5454 et
262 5404 326 5466 apud
336 5410 401 5456 ixx.

162 5465 199 5528 (a)
211 5468 253 5515 tric
271 5464 339 5516 toros
352 5473 476 5518 cennens
497 5467 562 5518 maie
573 5480 587 5518 a
598 5471 726 5530 meando,
747 5470 924 5522 institutionum

129 5526 192 5577 libro
201 5527 225 5588 2,
235 5539 288 5591 cap.
296 5528 334 5586 15,
343 5525 446 5590 sulpicio
456 5536 557 5590 severo,
565 5531 673 5580 itistoriae
685 5544 759 5582 sacrae
770 5530 832 5582 libro
839 5532 921 5594 i‚eap.

37 5614 40 5620 ·
129 5587 154 5647 9,
167 5597 193 5639 et
204 5587 326 5638 nonnullis
337 5589 390 5639 aliis
400 5587 549 5646 intellectus,
561 5603 644 5642 nisam
654 5593 724 5643 dedit
735 5592 823 5643 iabnlis
833 5593 924 5657 quihus

129 5653 241 5700 eicnotur
252 5648 336 5714 angeli
347 5663 377 5702 se
387 5663 442 5701 nrm
454 5650 597 5701 mulieribus
617 5655 758 5718 miscuisser
770 5668 845 5720 quem
856 5668 923 5709 erro·

129 5723 183 5764 reru
192 5711 275 5776 phares
286 5724 318 5766 ex
330 5714 434 5776 animia
442 5713 521 5767 secuti
530 5719 598 5766 ιιιιιι.
606 5719 724 5771 uma.

964 1757 1065 1814 antem,
1078 1764 1157 1820 quern
1171 1750 1342 1820 interpretem
1358 1748 1442 1804 iudaei
1456 1749 1560 1804 ceteris
1573 1754 1757 1817 anteponant,

965 1857 1020 1899 non
1032 1844 1143 1914 angelos
1157 1842 1215 1907 bei,
1230 1857 1280 1899 nec
1294 1843 1362 1898 ilios
1375 1842 1433 1910 bei,
1448 1841 1495 1897 sed
1510 1841 1578 1897 iiiios
1592 1841 1703 1897 deorum
1718 1840 1760 1895 in·

965 1942 1127 2006 terpretatus
1139 1944 1181 1991 est
1194 1934 1244 2006 ia).
1259 1933 1408 2005 Utrumque
1420 1942 1509 1989 autem
1521 1923 1614 1989 ¹verum
1628 1941 1679 1987 est.
1692 1930 1763 1987 uam

965 2035 994 2083 et
1007 2026 1054 2081 titii
1068 2026 1115 2082 Dei
1128 2036 1216 2094 crant,
1231 2025 1281 2082 sub
1292 2043 1345 2098 quo
1355 2034 1431 2097 patre
1443 2040 1552 2081 snorum
1564 2032 1666 2095 patrum
1678 2025 1760 2079 etiarn

967 2118 1063 2174 iratres
1074 2125 1167 2185 erant;
1180 2126 1207 2173 ct
1221 2116 1267 2172 iiiii
1283 2116 1409 2182 deorurn,
1432 2117 1585 2188 qnoniama
1609 2114 1659 2170 diis
1678 2113 1761 2184 geniti
1852 2102 1855 2106 ’

966 2217 1054 2275 erant,
1064 2224 1124 2266 cnm
1135 2209 1233 2279 quibus
1242 2217 1269 2265 et
1278 2209 1328 2279 ipsi
1339 2208 1374 2262 dii
1385 2218 1470 2270 erant,
1481 2207 1553 2278 juxta
1568 2205 1630 2261 iiiurl
1643 2205 1759 2265 Psalmi:

967 2300 1025 2374 Epo
1037 2302 1102 2368 atat,
1115 2300 1159 2355 itit
1172 2301 1241 2366 ertia,
1253 2310 1276 2355 et
1289 2301 1337 2370 ptis
1352 2299 1452 2354 Eaceisi
1465 2313 1549 2352 amnes
1563 2295 1653 2370 (Pani.
1665 2308 1758 2362 cxxxi,

968 2392 1012 2460 ii).
1025 2392 1119 2448 lierito
1141 2393 1212 2448 enim
1234 2390 1382 2447 creduntur
1405 2389 1577 2459 Septuaginta
1600 2387 1767 2456 interpretas-

968 2486 1104 2554 accepisse
1123 2483 1307 2555 propheticum
1321 2483 1462 2554 spiritum,
1479 2490 1508 2536 ut
1520 2482 1542 2536 si
1558 2481 1621 2550 quid
1635 2482 1694 2549 ejus
1708 2493 1757 2535 att·

968 2577 1091 2634 ctoritate
1103 2585 1332 2648 munieruntque
1340 2578 1418 2632 aliter
1429 2591 1508 2647 quam
1523 2583 1581 2631 erat
1593 2574 1663 2645 quod
1678 2574 1762 2629 inter·

969 2670 1142 2741 pretabantur
1151 2670 1279 2736 dicerent,
1292 2683 1378 2739 neque
1389 2670 1440 2725 boc
1451 2666 1578 2723 divinitus
1590 2680 1650 2722 esse
1660 2665 1761 2721 dictum

969 2762 1145 2818 dubitaretur.
1155 2762 1283 2830 Quamvis
1295 2762 1347 2817 boc
1361 2761 1387 2816 in
1400 2761 1506 2816 belnae
1518 2774 1578 2815 esse
1591 2757 1763 2827 perhibeatur

970 2858 1140 2930 arrrbigntmt,
1154 2865 1184 2913 nt
1196 2866 1222 2913 et
1237 2856 1283 2912 lilii
1297 2856 1363 2922 bei,
1378 2864 1405 2912 et
1417 2855 1464 2910 iiiii
1479 2854 1601 2919 deornm,
1617 2860 1708 2923 posset
1719 2851 1763 2906 io·

971 2949 1120 3019 terpretari.

1008 3042 1035 3096 1.
1058 3038 1413 3112 Omittamnsi'giturearum
1427 3038 1619 3106 scripturamm
1641 3033 1762 3099 fabulas,

971 3150 1029 3205 qoae
1043 3133 1203 3204 apocryphae
1218 3140 1413 3201 nuncupantur,
1425 3145 1457 3185 eo
1469 3128 1541 3199 quod
1555 3140 1646 3183 earum
1659 3125 1764 3181 occulta

972 3227 1046 3297 origo
1064 3242 1119 3281 non
1138 3210 1234 3281 claruit
1258 3224 1393 3295 patribus,
1416 3239 1431 3276 a
1453 3221 1549 3293 quibus
1571 3217 1700 3289 usquead
1715 3231 1764 3272 nos

972 3319 1114 3375 auctoritas
1125 3317 1258 3373 veracium
1270 3317 1466 3386 Scripturarum
1478 3313 1625 3370 certissima
1639 3320 1666 3366 et
1679 3311 1764 3367 uotis·

972 3412 1039 3466 sima
1063 3412 1233 3466 successione
1252 3409 1383 3480 persenit.
1402 3408 1431 3463 ln
1446 3407 1590 3462 bisantem
1605 3394 1767 3478 apocryphis

972 3504 1022 3558 etsi
1045 3501 1178 3557 invenitur
1198 3501 1285 3570 aliqua
1309 3501 1422 3565 raritas,
1439 3508 1526 3553 tannen
1550 3506 1660 3569 propter
1682 3492 1764 3550 muita

973 3594 1038 3650 laisa
1051 3594 1122 3649 nulla
1136 3602 1177 3648 est
1191 3594 1316 3651 canoniea
1330 3594 1483 3649 auctoritas.
1499 3591 1644 3662 Scripsisse
1656 3585 1764 3659 quidem

973 3685 1099 3741 norrrrulla
1113 3685 1201 3740 divina
1213 3685 1316 3752 Enoch,
1328 3683 1401 3740 iiiorn
1412 3684 1553 3754 septinnrm
1564 3681 1598 3737 ab
1610 3680 1706 3742 hdam,
1717 3692 1766 3735 aa·

973 3792 1036 3848 gare
1052 3791 1104 3832 non
1128 3792 1286 3846 possumus,
1308 3791 1369 3831 cnm
1392 3775 1443 3831 hoc
1464 3774 1490 3829 in
1506 3772 1625 3844 Epistola
1639 3769 1766 3826 canonica

973 3868 1055 3924 irrdns
1069 3869 1207 3940 apostatos
1218 3867 1289 3924 dicat
1303 3867 1391 3940 (inda
1403 3866 1457 3938 11).
1473 3865 1525 3922 Sed
1541 3879 1595 3920 non
1606 3864 1702 3918 trustra
1712 3872 1767 3917 uon

974 3968 1036 4015 sunt
1058 3961 1085 4014 in
1106 3974 1139 4015 eo
1159 3974 1263 4015 carrorn
1283 3958 1497 4029 Scripturarum,
1512 3957 1557 4027 qui
1571 3949 1767 4009 serrabaturin
1795 4023 1798 4026 A

975 4053 1075 4123 templo
1090 4053 1194 4108 llehrrei
1213 4051 1301 4122 populi
1316 4050 1513 4107 succedentium
1529 4041 1664 4117 diligentia
1676 4054 1767 4100 sacer·

974 4143 1087 4212 dotum,
1112 4145 1163 4201 nisi
1178 4146 1238 4216 quia
1254 4144 1289 4200 oh
1298 4143 1482 4215 antiquitatem
1504 4148 1636 4211 suspecta
1648 4137 1710 4194 fidei
1720 4134 1768 4208 lu·

974 4238 1060 4293 dicata
1080 4246 1158 4301 sunt,
1175 4253 1223 4292 nec
1240 4248 1326 4290 atrum
1339 4236 1396 4290 itare
1410 4242 1574 4304 essentque
1588 4232 1632 4288 ille
1645 4227 1768 4300 scripsis-

975 4338 1016 4385 set
1025 4331 1046 4397 ¹,
1062 4337 1167 4399 poterat
1181 4327 1305 4393 inveniri,
1320 4342 1373 4383 non
1388 4325 1486 4383 talibus
1500 4322 1707 4395 proferentibus,
1720 4321 1767 4391 qui

975 4435 1005 4474 ea
1019 4435 1067 4490 per
1077 4424 1173 4474 seriem
1188 4419 1366 4475 successionis
1380 4417 1561 4488 reperirentur
1572 4416 1622 4469 rite
1634 4424 1768 4470 servasse·

975 4509 1052 4567 Unde
1067 4511 1109 4565 ilia
1124 4528 1182 4580 quae
1195 4512 1243 4566 snb
1264 4512 1321 4582 ejus
1335 4511 1441 4566 artimino
1456 4509 1640 4580 proferuntur,
1655 4513 1683 4560 ct
1703 4518 1768 4561 con·

977 4603 1062 4656 tinent
1083 4603 1148 4658 istas
1162 4601 1196 4657 dc
1214 4601 1363 4673 gigantibus
1379 4600 1495 4660 bibulas.
1516 4597 1586 4667 quod
1601 4609 1653 4650 non
1668 4593 1767 4649 habue-

975 4697 1029 4752 rint
1053 4695 1175 4753 homiues
1189 4706 1292 4768 patres,
1310 4704 1382 4751 recte
1396 4711 1410 4749 a
1425 4690 1599 4763 prudentibus
1617 4687 1768 4758 judicantur

976 4805 1029 4844 non
1043 4789 1127 4860 ipsius
1140 4804 1200 4846 esse
1213 4789 1344 4846 credenda
1356 4806 1363 4853 ;
1376 4788 1445 4841 sicut
1459 4785 1540 4839 muita
1554 4782 1604 4840 sub
1616 4778 1768 4836 rionrinihus

976 4890 1003 4937 et
1014 4881 1126 4936 aliorum
1139 4880 1344 4951 Prophetarum,
1355 4888 1383 4933 et
1394 4877 1541 4932 recentiora
1553 4874 1603 4930 snb
1616 4870 1768 4927 nominibus

1007 5043 1016 5072 ¹
1034 5041 1075 5090 nic
1087 5039 1145 5089 editi
1157 5037 1254 5097 aidum,
1266 5043 1315 5087 cur
1325 5033 1457 5084 anmrtroc
1465 5042 1475 5093 ;
1484 5029 1549 5094 quod
1560 5029 1768 5081 ahomnibnsnta·

975 5101 1104 5164 suscriptis
1113 5102 1192 5151 abest.
1729 5138 1737 5166 ι

1007 5163 1044 5225 (a)
1057 5163 1120 5211 vixit
1132 5160 1235 5224 (aquila)
1247 5159 1293 5208 sub
1305 5156 1404 5206 adriano
1422 5158 1585 5218 imperatore3
1599 5161 1625 5204 et
1635 5166 1691 5204 cum
1701 5164 1770 5226 prius

975 5225 1067 5274 christo
1084 5236 1174 5272 nomen
1193 5222 1316 5279 dedisset,
1341 5227 1367 5269 et
1388 5218 1551 5268 abdtnermur
1562 5230 1577 5267 a
1589 5212 1770 5265 ¹tnatlrerrntkts

975 5284 1175 5349 astrologicisquc
1186 5283 1281 5343 studiis,
1289 5282 1377 5345 quibus
1386 5282 1485 5331 uiutiutu
1493 5288 1546 5330 etat
1556 5277 1703 5341 deditus‚.³b

975 5345 1045 5398 stolis
1057 5354 1083 5396 ct
1092 5343 1216 5407 discipulis
1226 5344 1327 5400 bantini,
1344 5340 1499 5393 nihilominus
1515 5348 1598 5392 tamen
1608 5342 1632 5389 in
1642 5336 1710 5389 ranis
1739 5334 1769 5387 iis

976 5409 1062 5458 studiis
1074 5408 1227 5469 persisteret,
1239 5404 1344 5456 molesta
1361 5403 1448 5466 pulsus
1462 5409 1509 5454 est.
1525 5411 1577 5462 Quo
1592 5402 1771 5452 semmure-

977 5469 1032 5521 licto
1043 5468 1220 5518 christianismo
1231 5467 1345 5516 ininsiret
1353 5467 1382 5516 ad
1389 5466 1545 5524 ludaismom
1557 5472 1582 5515 ot
1591 5473 1675 5524 magna
1684 5468 1769 5522 postea

976 5533 1048 5581 anirni
1057 5531 1213 5581 contentione
1221 5529 1344 5579 hebraeam
1353 5528 1435 5578 didicit
1444 5527 1596 5591 lingnam‚eo
1604 5527 1692 5581 animo,
1704 5530 1770 5575 testa

976 5592 1115 5654 Epiphanio,
1126 5599 1155 5640 nt
1164 5598 1318 5654 oppugnaret
1328 5591 1509 5640 transiauooem
1520 5587 1685 5651 septuaginta,
1694 5592 1720 5636 et
1728 5597 1770 5653 ga·

977 5655 1058 5704 ticinia
1069 5654 1101 5704 de
1111 5653 1203 5703 cinisio
1223 5655 1408 5711 interponeret,
1433 5653 1502 5702 etita
1516 5652 1730 5713 interpretaretur,
1741 5657 1771 5699 ut

977 5714 1036 5768 ninii
1045 5716 1125 5768 minin
1135 5715 1161 5766 in
1173 5715 1210 5768 c'n
1220 5727 1292 5780 quarn
1304 5714 1336 5766 de
1346 5714 1437 5767 tinisto
1449 5715 1489 5778 agi
1501 5711 1634 5764 rideretur.
1643 5716 1770 5768 ooounrs.
