<?xml version="1.0" encoding="UTF-8"?>
<!DOCTYPE html PUBLIC "-//W3C//DTD XHTML 1.0 Transitional//EN"
    "http://www.w3.org/TR/xhtml1/DTD/xhtml1-transitional.dtd">
<html xmlns="http://www.w3.org/1999/xhtml" xml:lang="en" lang="en">
 <head>
  <title>
</title>
<meta http-equiv="Content-Type" content="text/html;charset=utf-8" />
  <meta name='ocr-system' content='tesseract 3.04.00' />
  <meta name='ocr-capabilities' content='ocr_page ocr_carea ocr_par ocr_line ocrx_word'/>
</head>
<body>
  <div class='ocr_page' id='page_1' title='image "./sanctiaureliiau04augugoog_0312.png"; bbox 0 0 3900 6390; ppageno 0'>
   <div class='ocr_carea' id='block_1_1' title="bbox 234 256 1860 364">
    <p class='ocr_par' dir='ltr' id='par_1_1' title="bbox 234 256 1860 364">
     <span class='ocr_line' id='line_1_1' title="bbox 234 256 1860 364; baseline -0.007 -1"><span class='ocrx_word' id='word_1_1' title='bbox 234 307 281 364; x_wconf 83' lang='lat' dir='ltr'><strong>sat</strong></span> <span class='ocrx_word' id='word_1_2' title='bbox 761 299 804 356; x_wconf 82' lang='lat' dir='ltr'><strong>or</strong></span> <span class='ocrx_word' id='word_1_3' title='bbox 823 297 980 354; x_wconf 81' lang='lat' dir='ltr'><strong>caenare</strong></span> <span class='ocrx_word' id='word_1_4' title='bbox 1001 297 1066 364; x_wconf 85' lang='lat' dir='ltr'><strong>oet,</strong></span> <span class='ocrx_word' id='word_1_5' title='bbox 1086 298 1114 354; x_wconf 93' lang='lat' dir='ltr'><strong>s.</strong></span> <span class='ocrx_word' id='word_1_6' title='bbox 1136 256 1314 357; x_wconf 83' lang='lat' dir='ltr'><strong>annosum</strong></span> <span class='ocrx_word' id='word_1_7' title='bbox 1805 306 1860 364; x_wconf 62' lang='grc' dir='ltr'><strong>εις</strong></span> 
     </span>
    </p>
   </div>
   <div class='ocr_carea' id='block_1_2' title="bbox 231 405 1860 760">
    <p class='ocr_par' dir='ltr' id='par_1_2' title="bbox 231 405 1860 760">
     <span class='ocr_line' id='line_1_2' title="bbox 232 405 1860 484; baseline 0 -12"><span class='ocrx_word' id='word_1_8' title='bbox 232 416 360 472; x_wconf 84' lang='lat' dir='ltr'><strong>&#39;l&#39;arbatis</strong></span> <span class='ocrx_word' id='word_1_9' title='bbox 373 417 443 470; x_wconf 89' lang='lat' dir='ltr'><strong>enim</strong></span> <span class='ocrx_word' id='word_1_10' title='bbox 460 414 564 484; x_wconf 92' lang='lat' dir='ltr'><strong>populis</strong></span> <span class='ocrx_word' id='word_1_11' title='bbox 577 413 683 474; x_wconf 87' lang='lat' dir='ltr'><strong>multis,</strong></span> <span class='ocrx_word' id='word_1_12' title='bbox 698 411 763 466; x_wconf 88' lang='lat' dir='ltr'><strong>vidit</strong></span> <span class='ocrx_word' id='word_1_13' title='bbox 785 411 954 464; x_wconf 76' lang='lat' dir='ltr'><strong>imminentes</strong></span> <span class='ocrx_word' id='word_1_14' title='bbox 968 409 1017 462; x_wconf 80' lang='lat' dir='ltr'><strong>Ec·</strong></span> <span class='ocrx_word' id='word_1_15' title='bbox 1076 424 1130 461; x_wconf 91' lang='lat' dir='ltr'><strong>earn</strong></span> <span class='ocrx_word' id='word_1_16' title='bbox 1146 405 1204 479; x_wconf 79' lang='lat' dir='ltr'><strong>:oni</strong></span> <span class='ocrx_word' id='word_1_17' title='bbox 1222 411 1314 464; x_wconf 87' lang='lat' dir='ltr'><strong>inuenit</strong></span> <span class='ocrx_word' id='word_1_18' title='bbox 1331 427 1428 465; x_wconf 81' lang='lat' dir='ltr'><strong>aurarem</strong></span> <span class='ocrx_word' id='word_1_19' title='bbox 1441 412 1507 466; x_wconf 87' lang='lat' dir='ltr'><strong>aiam</strong></span> <span class='ocrx_word' id='word_1_20' title='bbox 1524 414 1670 481; x_wconf 76' lang='lat' dir='ltr'><strong>prudentie,</strong></span> <span class='ocrx_word' id='word_1_21' title='bbox 1687 425 1712 468; x_wconf 88' lang='lat' dir='ltr'><strong>ct</strong></span> <span class='ocrx_word' id='word_1_22' title='bbox 1722 414 1790 470; x_wconf 87' lang='lat' dir='ltr'><strong>dedit</strong></span> <span class='ocrx_word' id='word_1_23' title='bbox 1803 434 1860 472; x_wconf 87' lang='lat' dir='ltr'><strong>eom</strong></span> 
     </span>
     <span class='ocr_line' id='line_1_3' title="bbox 232 499 1860 585; baseline 0.001 -23"><span class='ocrx_word' id='word_1_24' title='bbox 232 506 324 562; x_wconf 81' lang='lat' dir='ltr'><strong>clesim</strong></span> <span class='ocrx_word' id='word_1_25' title='bbox 339 506 532 569; x_wconf 75' lang='lat' dir='ltr'>tribulationes,</span> <span class='ocrx_word' id='word_1_26' title='bbox 553 504 732 558; x_wconf 84' lang='lat' dir='ltr'><strong>continnoune</strong></span> <span class='ocrx_word' id='word_1_27' title='bbox 747 516 776 556; x_wconf 91' lang='lat' dir='ltr'><strong>se</strong></span> <span class='ocrx_word' id='word_1_28' title='bbox 794 502 942 554; x_wconf 81' lang='lat' dir='ltr'>membrum</span> <span class='ocrx_word' id='word_1_29' title='bbox 962 499 1021 567; x_wconf 80' lang='lat' dir='ltr'><strong>ejus</strong></span> <span class='ocrx_word' id='word_1_30' title='bbox 1072 499 1152 555; x_wconf 73' lang='lat' dir='ltr'><strong>iacob</strong></span> <span class='ocrx_word' id='word_1_31' title='bbox 1171 519 1246 556; x_wconf 86' lang='lat' dir='ltr'><strong>onero</strong></span> <span class='ocrx_word' id='word_1_32' title='bbox 1264 520 1319 567; x_wconf 83' lang='lat' dir='ltr'><strong>stro,</strong></span> <span class='ocrx_word' id='word_1_33' title='bbox 1343 515 1366 558; x_wconf 89' lang='lat' dir='ltr'><strong>et</strong></span> <span class='ocrx_word' id='word_1_34' title='bbox 1386 502 1468 560; x_wconf 85' lang='lat' dir='ltr'><strong>Israel</strong></span> <span class='ocrx_word' id='word_1_35' title='bbox 1480 505 1583 585; x_wconf 36' lang='lat' dir='ltr'><strong>‚attam</strong></span> <span class='ocrx_word' id='word_1_36' title='bbox 1600 524 1646 561; x_wconf 90' lang='lat' dir='ltr'><strong>suo</strong></span> <span class='ocrx_word' id='word_1_37' title='bbox 1660 519 1736 576; x_wconf 87' lang='lat' dir='ltr'><strong>:post</strong></span> <span class='ocrx_word' id='word_1_38' title='bbox 1760 509 1813 563; x_wconf 84' lang='lat' dir='ltr'><strong>icccc</strong></span> <span class='ocrx_word' id='word_1_39' title='bbox 1831 511 1860 564; x_wconf 82' lang='lat' dir='ltr'><strong>irs</strong></span> 
     </span>
     <span class='ocr_line' id='line_1_4' title="bbox 231 592 1860 667; baseline 0.001 -14"><span class='ocrx_word' id='word_1_40' title='bbox 231 600 351 666; x_wconf 79' lang='lat' dir='ltr'><strong>agitavit,</strong></span> <span class='ocrx_word' id='word_1_41' title='bbox 373 609 452 667; x_wconf 82' lang='lat' dir='ltr'><strong>atque</strong></span> <span class='ocrx_word' id='word_1_42' title='bbox 472 598 519 662; x_wconf 88' lang='lat' dir='ltr'><strong>ait,</strong></span> <span class='ocrx_word' id='word_1_43' title='bbox 542 595 706 664; x_wconf 78' lang='lat' dir='ltr'><strong>lleauiescam</strong></span> <span class='ocrx_word' id='word_1_44' title='bbox 724 611 750 647; x_wconf 89' lang='grc' dir='ltr'><strong>ιιι</strong></span> <span class='ocrx_word' id='word_1_45' title='bbox 770 595 811 648; x_wconf 88' lang='lat' dir='ltr'><strong>dic</strong></span> <span class='ocrx_word' id='word_1_46' title='bbox 831 592 1020 646; x_wconf 82' lang='lat' dir='ltr'><strong>tribulationis:</strong></span> <span class='ocrx_word' id='word_1_47' title='bbox 1078 592 1160 644; x_wconf 87' lang='lat' dir='ltr'><strong>terra¹</strong></span> <span class='ocrx_word' id='word_1_48' title='bbox 1186 593 1251 648; x_wconf 85' lang='lat' dir='ltr'><strong>cisrrs</strong></span> <span class='ocrx_word' id='word_1_49' title='bbox 1275 604 1321 657; x_wconf 90' lang='lat' dir='ltr'><strong>est,</strong></span> <span class='ocrx_word' id='word_1_50' title='bbox 1347 605 1370 648; x_wconf 89' lang='lat' dir='ltr'><strong>et</strong></span> <span class='ocrx_word' id='word_1_51' title='bbox 1394 612 1450 648; x_wconf 90' lang='lat' dir='ltr'><strong>cam</strong></span> <span class='ocrx_word' id='word_1_52' title='bbox 1476 598 1615 652; x_wconf 86' lang='lat' dir='ltr'><strong>hominibus</strong></span> <span class='ocrx_word' id='word_1_53' title='bbox 1638 610 1797 653; x_wconf 73' lang='lat' dir='ltr'><strong>convenam</strong></span> <span class='ocrx_word' id='word_1_54' title='bbox 1823 611 1860 655; x_wconf 87' lang='lat' dir='ltr'><strong>est</strong></span> 
     </span>
     <span class='ocr_line' id='line_1_5' title="bbox 231 682 1858 760; baseline 0.002 -17"><span class='ocrx_word' id='word_1_55' title='bbox 231 693 359 760; x_wconf 81' lang='lat' dir='ltr'><strong>tarrqnhrn</strong></span> <span class='ocrx_word' id='word_1_56' title='bbox 370 689 403 743; x_wconf 90' lang='lat' dir='ltr'><strong>ad</strong></span> <span class='ocrx_word' id='word_1_57' title='bbox 416 703 462 743; x_wconf 91' lang='lat' dir='ltr'><strong>eos</strong></span> <span class='ocrx_word' id='word_1_58' title='bbox 475 689 620 757; x_wconf 77' lang='lat' dir='ltr'><strong>pertinens,</strong></span> <span class='ocrx_word' id='word_1_59' title='bbox 632 687 676 756; x_wconf 84' lang='lat' dir='ltr'><strong>qni</strong></span> <span class='ocrx_word' id='word_1_60' title='bbox 688 695 749 739; x_wconf 92' lang='lat' dir='ltr'><strong>sunt</strong></span> <span class='ocrx_word' id='word_1_61' title='bbox 764 700 811 754; x_wconf 88' lang='lat' dir='ltr'><strong>spe</strong></span> <span class='ocrx_word' id='word_1_62' title='bbox 822 683 976 753; x_wconf 75' lang='lat' dir='ltr'><strong>gaudentes,</strong></span> <span class='ocrx_word' id='word_1_63' title='bbox 993 682 1019 736; x_wconf 93' lang='lat' dir='ltr'><strong>in</strong></span> <span class='ocrx_word' id='word_1_64' title='bbox 1075 683 1187 754; x_wconf 75' lang='lat' dir='ltr'><strong>(barach</strong></span> <span class='ocrx_word' id='word_1_65' title='bbox 1213 701 1251 749; x_wconf 91' lang='grc' dir='ltr'><strong>ιιι,</strong></span> <span class='ocrx_word' id='word_1_66' title='bbox 1272 686 1372 757; x_wconf 63' lang='grc'><strong>5658).</strong></span> <span class='ocrx_word' id='word_1_67' title='bbox 1397 687 1451 742; x_wconf 91' lang='lat' dir='ltr'><strong>llac</strong></span> <span class='ocrx_word' id='word_1_68' title='bbox 1473 689 1652 744; x_wconf 91' lang='lat' dir='ltr'><strong>testimonium</strong></span> <span class='ocrx_word' id='word_1_69' title='bbox 1674 691 1783 760; x_wconf 81' lang='lat' dir='ltr'><strong>quidam</strong></span> <span class='ocrx_word' id='word_1_70' title='bbox 1805 707 1858 746; x_wconf 91' lang='lat' dir='ltr'><strong>non</strong></span> 
     </span>
    </p>
   </div>
   <div class='ocr_carea' id='block_1_3' title="bbox 195 776 1020 3304">
    <p class='ocr_par' dir='ltr' id='par_1_3' title="bbox 195 776 1020 3304">
     <span class='ocr_line' id='line_1_6' title="bbox 232 776 1017 851; baseline -0.01 -16"><span class='ocrx_word' id='word_1_71' title='bbox 232 780 405 836; x_wconf 89' lang='lat' dir='ltr'><strong>tribulatione</strong></span> <span class='ocrx_word' id='word_1_72' title='bbox 425 782 556 850; x_wconf 78' lang='lat' dir='ltr'><strong>panemos</strong></span> <span class='ocrx_word' id='word_1_73' title='bbox 571 778 657 851; x_wconf 81' lang='lat' dir='ltr'><strong>(iiam.</strong></span> <span class='ocrx_word' id='word_1_74' title='bbox 681 794 730 845; x_wconf 87' lang='grc' dir='ltr'><strong>ιιιι,</strong></span> <span class='ocrx_word' id='word_1_75' title='bbox 751 777 806 848; x_wconf 69' lang='lat' dir='ltr'><strong>lh).</strong></span> <span class='ocrx_word' id='word_1_76' title='bbox 824 776 856 832; x_wconf 89' lang='lat' dir='ltr'><strong>th</strong></span> <span class='ocrx_word' id='word_1_77' title='bbox 874 776 1017 839; x_wconf 76' lang='lat' dir='ltr'><strong>ascendam,</strong></span> 
     </span>
     <span class='ocr_line' id='line_1_7' title="bbox 231 867 1020 944; baseline -0.01 -16"><span class='ocrx_word' id='word_1_78' title='bbox 231 870 335 944; x_wconf 81' lang='lat' dir='ltr'><strong>lnquit,</strong></span> <span class='ocrx_word' id='word_1_79' title='bbox 359 872 385 927; x_wconf 90' lang='lat' dir='ltr'><strong>in</strong></span> <span class='ocrx_word' id='word_1_80' title='bbox 407 874 528 943; x_wconf 86' lang='lat' dir='ltr'><strong>populum</strong></span> <span class='ocrx_word' id='word_1_81' title='bbox 553 869 759 942; x_wconf 81' lang='lat' dir='ltr'><strong>pereprinotionis</strong></span> <span class='ocrx_word' id='word_1_82' title='bbox 779 883 841 922; x_wconf 83' lang='lat' dir='ltr'><strong>areca</strong></span> <span class='ocrx_word' id='word_1_83' title='bbox 862 883 871 921; x_wconf 92' lang='grc'><strong>.·</strong></span> <span class='ocrx_word' id='word_1_84' title='bbox 892 867 1020 922; x_wconf 81' lang='lat' dir='ltr'><strong>recedens</strong></span> 
     </span>
     <span class='ocr_line' id='line_1_8' title="bbox 232 959 1017 1034; baseline -0.008 -16"><span class='ocrx_word' id='word_1_85' title='bbox 232 963 325 1034; x_wconf 77' lang='lat' dir='ltr'><strong>atinae</strong></span> <span class='ocrx_word' id='word_1_86' title='bbox 346 978 361 1017; x_wconf 89' lang='lat' dir='ltr'><strong>a</strong></span> <span class='ocrx_word' id='word_1_87' title='bbox 384 964 483 1034; x_wconf 91' lang='lat' dir='ltr'><strong>popolo</strong></span> <span class='ocrx_word' id='word_1_88' title='bbox 498 963 614 1032; x_wconf 91' lang='lat' dir='ltr'><strong>maligna</strong></span> <span class='ocrx_word' id='word_1_89' title='bbox 632 961 748 1016; x_wconf 89' lang='lat' dir='ltr'><strong>carnalis</strong></span> <span class='ocrx_word' id='word_1_90' title='bbox 766 959 932 1030; x_wconf 78' lang='lat' dir='ltr'><strong>cognationis</strong></span> <span class='ocrx_word' id='word_1_91' title='bbox 952 974 1017 1024; x_wconf 80' lang='lat' dir='ltr'><strong>sua,</strong></span> 
     </span>
     <span class='ocr_line' id='line_1_9' title="bbox 231 1054 1019 1126; baseline -0.008 -17"><span class='ocrx_word' id='word_1_92' title='bbox 231 1069 286 1113; x_wconf 87' lang='lat' dir='ltr'><strong>nan</strong></span> <span class='ocrx_word' id='word_1_93' title='bbox 308 1056 493 1126; x_wconf 72' lang='lat' dir='ltr'><strong>peregrinante</strong></span> <span class='ocrx_word' id='word_1_94' title='bbox 512 1055 539 1109; x_wconf 93' lang='lat' dir='ltr'><strong>in</strong></span> <span class='ocrx_word' id='word_1_95' title='bbox 552 1054 603 1109; x_wconf 90' lang='lat' dir='ltr'><strong>hae</strong></span> <span class='ocrx_word' id='word_1_96' title='bbox 615 1065 696 1117; x_wconf 88' lang='lat' dir='ltr'><strong>terra,</strong></span> <span class='ocrx_word' id='word_1_97' title='bbox 711 1066 799 1122; x_wconf 83' lang='lat' dir='ltr'><strong>neque</strong></span> <span class='ocrx_word' id='word_1_98' title='bbox 816 1064 956 1121; x_wconf 81' lang='lat' dir='ltr'><strong>supernam</strong></span> <span class='ocrx_word' id='word_1_99' title='bbox 971 1064 1019 1119; x_wconf 91' lang='lat' dir='ltr'><strong>pa·</strong></span> 
     </span>
     <span class='ocr_line' id='line_1_10' title="bbox 230 1139 1019 1215; baseline -0.009 -15"><span class='ocrx_word' id='word_1_100' title='bbox 230 1145 310 1200; x_wconf 86' lang='lat' dir='ltr'><strong>triam</strong></span> <span class='ocrx_word' id='word_1_101' title='bbox 331 1146 494 1215; x_wconf 70' lang='lat' dir='ltr'><strong>requirente.</strong></span> <span class='ocrx_word' id='word_1_102' title='bbox 515 1142 639 1211; x_wconf 84' lang='lat' dir='ltr'><strong>Quoiriam</strong></span> <span class='ocrx_word' id='word_1_103' title='bbox 658 1143 732 1212; x_wconf 81' lang='lat' dir='ltr'><strong>ficus,</strong></span> <span class='ocrx_word' id='word_1_104' title='bbox 750 1140 845 1212; x_wconf 86' lang='lat' dir='ltr'><strong>inquit,</strong></span> <span class='ocrx_word' id='word_1_105' title='bbox 863 1157 913 1195; x_wconf 91' lang='lat' dir='ltr'><strong>noo</strong></span> <span class='ocrx_word' id='word_1_106' title='bbox 931 1139 1019 1208; x_wconf 75' lang='lat' dir='ltr'><strong>offoca</strong></span> 
     </span>
     <span class='ocr_line' id='line_1_11' title="bbox 229 1231 1019 1309; baseline -0.01 -18"><span class='ocrx_word' id='word_1_107' title='bbox 229 1236 337 1309; x_wconf 74' lang='lat' dir='ltr'><strong>fructus.</strong></span> <span class='ocrx_word' id='word_1_108' title='bbox 357 1245 382 1291; x_wconf 91' lang='lat' dir='ltr'><strong>et</strong></span> <span class='ocrx_word' id='word_1_109' title='bbox 401 1252 451 1290; x_wconf 88' lang='lat' dir='ltr'><strong>non</strong></span> <span class='ocrx_word' id='word_1_110' title='bbox 463 1243 535 1290; x_wconf 89' lang='lat' dir='ltr'><strong>erunt</strong></span> <span class='ocrx_word' id='word_1_111' title='bbox 555 1235 696 1288; x_wconf 74' lang='lat' dir='ltr'><strong>nativitates</strong></span> <span class='ocrx_word' id='word_1_112' title='bbox 717 1233 744 1287; x_wconf 89' lang='lat' dir='ltr'><strong>in</strong></span> <span class='ocrx_word' id='word_1_113' title='bbox 762 1232 839 1287; x_wconf 84' lang='lat' dir='ltr'><strong>uineis</strong></span> <span class='ocrx_word' id='word_1_114' title='bbox 861 1231 1019 1285; x_wconf 87' lang='lat' dir='ltr'><strong>:racatictur</strong></span> 
     </span>
     <span class='ocr_line' id='line_1_12' title="bbox 231 1321 1018 1401; baseline -0.011 -18"><span class='ocrx_word' id='word_1_115' title='bbox 231 1344 296 1401; x_wconf 86' lang='lat' dir='ltr'><strong>opus</strong></span> <span class='ocrx_word' id='word_1_116' title='bbox 308 1330 391 1394; x_wconf 80' lang='lat' dir='ltr'><strong>oliae,</strong></span> <span class='ocrx_word' id='word_1_117' title='bbox 407 1338 431 1383; x_wconf 89' lang='lat' dir='ltr'><strong>et</strong></span> <span class='ocrx_word' id='word_1_118' title='bbox 445 1327 528 1396; x_wconf 88' lang='lat' dir='ltr'><strong>canrpi</strong></span> <span class='ocrx_word' id='word_1_119' title='bbox 540 1343 590 1380; x_wconf 91' lang='lat' dir='ltr'><strong>non</strong></span> <span class='ocrx_word' id='word_1_120' title='bbox 609 1327 700 1398; x_wconf 73' lang='lat' dir='ltr'><strong>[acient</strong></span> <span class='ocrx_word' id='word_1_121' title='bbox 712 1340 803 1379; x_wconf 89' lang='lat' dir='ltr'><strong>escam.</strong></span> <span class='ocrx_word' id='word_1_122' title='bbox 818 1322 968 1397; x_wconf 70' lang='lat' dir='ltr'><strong>Defecerant</strong></span> <span class='ocrx_word' id='word_1_123' title='bbox 987 1321 1018 1374; x_wconf 86' lang='lat' dir='ltr'><strong>aa</strong></span> 
     </span>
     <span class='ocr_line' id='line_1_13' title="bbox 231 1410 1017 1485; baseline -0.009 -12"><span class='ocrx_word' id='word_1_124' title='bbox 231 1434 288 1473; x_wconf 86' lang='lat' dir='ltr'><strong>esca</strong></span> <span class='ocrx_word' id='word_1_125' title='bbox 301 1434 368 1482; x_wconf 87' lang='lat' dir='ltr'><strong>oves,</strong></span> <span class='ocrx_word' id='word_1_126' title='bbox 380 1428 404 1473; x_wconf 88' lang='lat' dir='ltr'><strong>ct</strong></span> <span class='ocrx_word' id='word_1_127' title='bbox 423 1434 473 1472; x_wconf 90' lang='lat' dir='ltr'><strong>non</strong></span> <span class='ocrx_word' id='word_1_128' title='bbox 486 1425 620 1485; x_wconf 87' lang='lat' dir='ltr'><strong>supersunt</strong></span> <span class='ocrx_word' id='word_1_129' title='bbox 639 1415 667 1469; x_wconf 90' lang='lat' dir='ltr'><strong>in</strong></span> <span class='ocrx_word' id='word_1_130' title='bbox 680 1413 834 1485; x_wconf 80' lang='lat' dir='ltr'><strong>praesepibus</strong></span> <span class='ocrx_word' id='word_1_131' title='bbox 853 1414 934 1467; x_wconf 82' lang='lat' dir='ltr'><strong>hones.</strong></span> <span class='ocrx_word' id='word_1_132' title='bbox 948 1410 1017 1466; x_wconf 88' lang='lat' dir='ltr'><strong>Vidit</strong></span> 
     </span>
     <span class='ocr_line' id='line_1_14' title="bbox 230 1503 1016 1580; baseline -0.009 -15"><span class='ocrx_word' id='word_1_133' title='bbox 230 1523 289 1565; x_wconf 84' lang='lat' dir='ltr'><strong>eam</strong></span> <span class='ocrx_word' id='word_1_134' title='bbox 302 1518 418 1580; x_wconf 88' lang='lat' dir='ltr'><strong>gentem,</strong></span> <span class='ocrx_word' id='word_1_135' title='bbox 432 1507 640 1579; x_wconf 71' lang='lat' dir='ltr'><strong>antechristum</strong></span> <span class='ocrx_word' id='word_1_136' title='bbox 659 1507 744 1562; x_wconf 89' lang='lat' dir='ltr'><strong>inerat</strong></span> <span class='ocrx_word' id='word_1_137' title='bbox 765 1506 895 1568; x_wconf 87' lang='lat' dir='ltr'><strong>occisura,</strong></span> <span class='ocrx_word' id='word_1_138' title='bbox 910 1503 1016 1559; x_wconf 89' lang='lat' dir='ltr'><strong>uberta·</strong></span> 
     </span>
     <span class='ocr_line' id='line_1_15' title="bbox 231 1598 1017 1672; baseline -0.011 -14"><span class='ocrx_word' id='word_1_139' title='bbox 231 1608 286 1658; x_wconf 87' lang='lat' dir='ltr'><strong>tem</strong></span> <span class='ocrx_word' id='word_1_140' title='bbox 298 1600 432 1672; x_wconf 90' lang='lat' dir='ltr'><strong>copiarum</strong></span> <span class='ocrx_word' id='word_1_141' title='bbox 445 1598 621 1669; x_wconf 85' lang='lat' dir='ltr'><strong>spiritualium</strong></span> <span class='ocrx_word' id='word_1_142' title='bbox 634 1598 807 1668; x_wconf 82' lang='lat' dir='ltr'><strong>perdituram,</strong></span> <span class='ocrx_word' id='word_1_143' title='bbox 823 1611 889 1667; x_wconf 85' lang='lat' dir='ltr'><strong>quas</strong></span> <span class='ocrx_word' id='word_1_144' title='bbox 903 1611 951 1667; x_wconf 92' lang='lat' dir='ltr'><strong>per</strong></span> <span class='ocrx_word' id='word_1_145' title='bbox 965 1606 1017 1650; x_wconf 91' lang='lat' dir='ltr'><strong>ter·</strong></span> 
     </span>
     <span class='ocr_line' id='line_1_16' title="bbox 231 1687 1017 1760; baseline -0.008 -12"><span class='ocrx_word' id='word_1_146' title='bbox 231 1706 324 1749; x_wconf 77' lang='lat' dir='ltr'><strong>mnam</strong></span> <span class='ocrx_word' id='word_1_147' title='bbox 345 1691 531 1748; x_wconf 84' lang='lat' dir='ltr'><strong>iucunditatem</strong></span> <span class='ocrx_word' id='word_1_148' title='bbox 554 1705 628 1746; x_wconf 91' lang='lat' dir='ltr'><strong>more</strong></span> <span class='ocrx_word' id='word_1_149' title='bbox 651 1690 807 1760; x_wconf 89' lang='lat' dir='ltr'><strong>prophetico</strong></span> <span class='ocrx_word' id='word_1_150' title='bbox 827 1688 959 1759; x_wconf 83' lang='lat' dir='ltr'><strong>figuravit.</strong></span> <span class='ocrx_word' id='word_1_151' title='bbox 984 1687 1017 1742; x_wconf 82' lang='lat' dir='ltr'><strong>Et</strong></span> 
     </span>
     <span class='ocr_line' id='line_1_17' title="bbox 230 1779 1013 1854; baseline -0.003 -19"><span class='ocrx_word' id='word_1_152' title='bbox 230 1781 293 1854; x_wconf 79' lang='lat' dir='ltr'><strong>guia</strong></span> <span class='ocrx_word' id='word_1_153' title='bbox 315 1782 381 1836; x_wconf 86' lang='lat' dir='ltr'><strong>iram</strong></span> <span class='ocrx_word' id='word_1_154' title='bbox 396 1782 442 1837; x_wconf 84' lang='lat' dir='ltr'><strong>ltei</strong></span> <span class='ocrx_word' id='word_1_155' title='bbox 457 1782 536 1838; x_wconf 87' lang='lat' dir='ltr'><strong>talem</strong></span> <span class='ocrx_word' id='word_1_156' title='bbox 559 1791 701 1850; x_wconf 89' lang='lat' dir='ltr'><strong>propterea</strong></span> <span class='ocrx_word' id='word_1_157' title='bbox 722 1794 798 1849; x_wconf 81' lang='lat' dir='ltr'><strong>passa</strong></span> <span class='ocrx_word' id='word_1_158' title='bbox 814 1787 856 1835; x_wconf 91' lang='lat' dir='ltr'><strong>est</strong></span> <span class='ocrx_word' id='word_1_159' title='bbox 875 1779 919 1835; x_wconf 92' lang='lat' dir='ltr'><strong>illa</strong></span> <span class='ocrx_word' id='word_1_160' title='bbox 939 1794 1013 1850; x_wconf 71' lang='lat' dir='ltr'><strong>aens,</strong></span> 
     </span>
     <span class='ocr_line' id='line_1_18' title="bbox 230 1870 1017 1943; baseline -0.001 -17"><span class='ocrx_word' id='word_1_161' title='bbox 230 1873 293 1943; x_wconf 84' lang='lat' dir='ltr'><strong>goia</strong></span> <span class='ocrx_word' id='word_1_162' title='bbox 306 1872 351 1928; x_wconf 85' lang='lat' dir='ltr'><strong>Dei</strong></span> <span class='ocrx_word' id='word_1_163' title='bbox 368 1873 491 1943; x_wconf 92' lang='lat' dir='ltr'><strong>ignorans</strong></span> <span class='ocrx_word' id='word_1_164' title='bbox 502 1872 630 1942; x_wconf 79' lang='lat' dir='ltr'><strong>justitiam</strong></span> <span class='ocrx_word' id='word_1_165' title='bbox 641 1912 648 1936; x_wconf 88' lang='lat'><strong>,</strong></span> <span class='ocrx_word' id='word_1_166' title='bbox 661 1885 736 1926; x_wconf 88' lang='lat' dir='ltr'><strong>snam</strong></span> <span class='ocrx_word' id='word_1_167' title='bbox 754 1870 837 1926; x_wconf 87' lang='lat' dir='ltr'><strong>voluit</strong></span> <span class='ocrx_word' id='word_1_168' title='bbox 854 1870 1017 1925; x_wconf 85' lang='lat' dir='ltr'><strong>constituere</strong></span> 
     </span>
     <span class='ocr_line' id='line_1_19' title="bbox 231 1959 1011 2034; baseline -0.006 -17"><span class='ocrx_word' id='word_1_169' title='bbox 231 1961 287 2034; x_wconf 80' lang='lat' dir='ltr'><strong>(ld.</strong></span> <span class='ocrx_word' id='word_1_170' title='bbox 302 1979 330 2028; x_wconf 84' lang='lat' dir='ltr'><strong>x,</strong></span> <span class='ocrx_word' id='word_1_171' title='bbox 347 1963 385 2034; x_wconf 78' lang='lat'><strong>5),</strong></span> <span class='ocrx_word' id='word_1_172' title='bbox 406 1963 456 2018; x_wconf 92' lang='lat' dir='ltr'><strong>iste</strong></span> <span class='ocrx_word' id='word_1_173' title='bbox 469 1963 606 2027; x_wconf 88' lang='lat' dir='ltr'><strong>continuo,</strong></span> <span class='ocrx_word' id='word_1_174' title='bbox 623 1960 679 2032; x_wconf 78' lang='lat' dir='ltr'><strong>Ego</strong></span> <span class='ocrx_word' id='word_1_175' title='bbox 701 1970 794 2026; x_wconf 88' lang='lat' dir='ltr'><strong>autem,</strong></span> <span class='ocrx_word' id='word_1_176' title='bbox 809 1961 904 2032; x_wconf 87' lang='lat' dir='ltr'><strong>inqnit,</strong></span> <span class='ocrx_word' id='word_1_177' title='bbox 919 1959 945 2013; x_wconf 90' lang='lat' dir='ltr'><strong>in</strong></span> <span class='ocrx_word' id='word_1_178' title='bbox 959 1959 1011 2013; x_wconf 86' lang='lat' dir='ltr'><strong>Do·</strong></span> 
     </span>
     <span class='ocr_line' id='line_1_20' title="bbox 230 2047 1016 2123; baseline -0.005 -16"><span class='ocrx_word' id='word_1_179' title='bbox 230 2053 301 2107; x_wconf 84' lang='lat' dir='ltr'><strong>utino</strong></span> <span class='ocrx_word' id='word_1_180' title='bbox 312 2051 451 2119; x_wconf 74' lang='lat' dir='ltr'><strong>exsultabo,</strong></span> <span class='ocrx_word' id='word_1_181' title='bbox 467 2052 578 2123; x_wconf 81' lang='lat' dir='ltr'><strong>gaudebo</strong></span> <span class='ocrx_word' id='word_1_182' title='bbox 589 2052 616 2105; x_wconf 88' lang='lat' dir='ltr'><strong>in</strong></span> <span class='ocrx_word' id='word_1_183' title='bbox 625 2050 680 2105; x_wconf 85' lang='lat' dir='ltr'><strong>Deo</strong></span> <span class='ocrx_word' id='word_1_184' title='bbox 693 2051 801 2105; x_wconf 84' lang='lat' dir='ltr'><strong>solaturi</strong></span> <span class='ocrx_word' id='word_1_185' title='bbox 814 2066 877 2104; x_wconf 87' lang='lat' dir='ltr'><strong>meo.</strong></span> <span class='ocrx_word' id='word_1_186' title='bbox 890 2047 1016 2114; x_wconf 81' lang='lat' dir='ltr'><strong>Dominus</strong></span> 
     </span>
     <span class='ocr_line' id='line_1_21' title="bbox 228 2141 1016 2213; baseline -0.011 -11"><span class='ocrx_word' id='word_1_187' title='bbox 228 2143 298 2202; x_wconf 84' lang='lat' dir='ltr'><strong>Deus</strong></span> <span class='ocrx_word' id='word_1_188' title='bbox 307 2161 376 2199; x_wconf 88' lang='lat' dir='ltr'><strong>meus</strong></span> <span class='ocrx_word' id='word_1_189' title='bbox 386 2146 463 2199; x_wconf 88' lang='lat' dir='ltr'><strong>airtur</strong></span> <span class='ocrx_word' id='word_1_190' title='bbox 475 2161 540 2210; x_wconf 90' lang='lat' dir='ltr'><strong>mco,</strong></span> <span class='ocrx_word' id='word_1_191' title='bbox 553 2153 643 2198; x_wconf 88' lang='lat' dir='ltr'><strong>stataet</strong></span> <span class='ocrx_word' id='word_1_192' title='bbox 658 2142 733 2213; x_wconf 84' lang='lat' dir='ltr'><strong>pedes</strong></span> <span class='ocrx_word' id='word_1_193' title='bbox 745 2158 812 2196; x_wconf 86' lang='lat' dir='ltr'><strong>arcos</strong></span> <span class='ocrx_word' id='word_1_194' title='bbox 823 2141 848 2196; x_wconf 90' lang='lat' dir='ltr'><strong>in</strong></span> <span class='ocrx_word' id='word_1_195' title='bbox 857 2157 1016 2196; x_wconf 84' lang='lat' dir='ltr'><strong>consumma·</strong></span> 
     </span>
     <span class='ocr_line' id='line_1_22' title="bbox 229 2231 1014 2306; baseline -0.008 -16"><span class='ocrx_word' id='word_1_196' title='bbox 229 2235 339 2300; x_wconf 89' lang='lat' dir='ltr'><strong>tionem;</strong></span> <span class='ocrx_word' id='word_1_197' title='bbox 351 2251 427 2306; x_wconf 84' lang='lat' dir='ltr'><strong>saper</strong></span> <span class='ocrx_word' id='word_1_198' title='bbox 438 2235 535 2289; x_wconf 77' lang='lat' dir='ltr'><strong>carcha</strong></span> <span class='ocrx_word' id='word_1_199' title='bbox 553 2235 662 2302; x_wconf 81' lang='lat' dir='ltr'><strong>imponet</strong></span> <span class='ocrx_word' id='word_1_200' title='bbox 674 2249 724 2297; x_wconf 90' lang='lat' dir='ltr'><strong>mc,</strong></span> <span class='ocrx_word' id='word_1_201' title='bbox 735 2241 761 2286; x_wconf 92' lang='lat' dir='ltr'><strong>ut</strong></span> <span class='ocrx_word' id='word_1_202' title='bbox 771 2233 868 2286; x_wconf 88' lang='lat' dir='ltr'><strong>oirrcorn</strong></span> <span class='ocrx_word' id='word_1_203' title='bbox 879 2233 906 2285; x_wconf 92' lang='lat' dir='ltr'><strong>in</strong></span> <span class='ocrx_word' id='word_1_204' title='bbox 917 2231 1014 2286; x_wconf 87' lang='lat' dir='ltr'><strong>cantico</strong></span> 
     </span>
     <span class='ocr_line' id='line_1_23' title="bbox 228 2321 1014 2398; baseline -0.004 -17"><span class='ocrx_word' id='word_1_205' title='bbox 228 2327 283 2397; x_wconf 66' lang='lat' dir='ltr'><strong>ejas</strong></span> <span class='ocrx_word' id='word_1_206' title='bbox 293 2325 427 2398; x_wconf 84' lang='lat' dir='ltr'><strong>(liniocac</strong></span> <span class='ocrx_word' id='word_1_207' title='bbox 437 2326 488 2396; x_wconf 91' lang='lat' dir='ltr'><strong>nr),</strong></span> <span class='ocrx_word' id='word_1_208' title='bbox 503 2325 605 2381; x_wconf 88' lang='lat' dir='ltr'><strong>scilicet</strong></span> <span class='ocrx_word' id='word_1_209' title='bbox 616 2325 661 2379; x_wconf 92' lang='lat' dir='ltr'><strong>illo</strong></span> <span class='ocrx_word' id='word_1_210' title='bbox 675 2325 792 2389; x_wconf 88' lang='lat' dir='ltr'><strong>cantico,</strong></span> <span class='ocrx_word' id='word_1_211' title='bbox 807 2324 841 2379; x_wconf 89' lang='lat' dir='ltr'><strong>de</strong></span> <span class='ocrx_word' id='word_1_212' title='bbox 853 2339 906 2394; x_wconf 88' lang='lat' dir='ltr'><strong>qno</strong></span> <span class='ocrx_word' id='word_1_213' title='bbox 919 2321 1014 2378; x_wconf 77' lang='lat' dir='ltr'><strong>similia</strong></span> 
     </span>
     <span class='ocr_line' id='line_1_24' title="bbox 228 2417 1015 2491; baseline -0.006 -16"><span class='ocrx_word' id='word_1_214' title='bbox 228 2419 351 2491; x_wconf 75' lang='lat' dir='ltr'><strong>quedam</strong></span> <span class='ocrx_word' id='word_1_215' title='bbox 369 2420 494 2475; x_wconf 89' lang='lat' dir='ltr'><strong>dicantar</strong></span> <span class='ocrx_word' id='word_1_216' title='bbox 514 2419 541 2473; x_wconf 91' lang='lat' dir='ltr'><strong>in</strong></span> <span class='ocrx_word' id='word_1_217' title='bbox 560 2418 666 2473; x_wconf 78' lang='lat' dir='ltr'><strong>Psalmo</strong></span> <span class='ocrx_word' id='word_1_218' title='bbox 682 2435 689 2473; x_wconf 92' lang='lat'><strong>:</strong></span> <span class='ocrx_word' id='word_1_219' title='bbox 703 2417 801 2472; x_wconf 84' lang='lat' dir='ltr'><strong>Statuit</strong></span> <span class='ocrx_word' id='word_1_220' title='bbox 820 2433 898 2487; x_wconf 83' lang='lat' dir='ltr'><strong>supro</strong></span> <span class='ocrx_word' id='word_1_221' title='bbox 918 2427 1015 2486; x_wconf 87' lang='lat' dir='ltr'><strong>perrara</strong></span> 
     </span>
     <span class='ocr_line' id='line_1_25' title="bbox 229 2509 1014 2582; baseline -0.001 -19"><span class='ocrx_word' id='word_1_222' title='bbox 229 2512 303 2580; x_wconf 85' lang='lat' dir='ltr'><strong>pedes</strong></span> <span class='ocrx_word' id='word_1_223' title='bbox 324 2529 403 2580; x_wconf 81' lang='lat' dir='ltr'><strong>nisos,</strong></span> <span class='ocrx_word' id='word_1_224' title='bbox 420 2520 444 2566; x_wconf 88' lang='lat' dir='ltr'><strong>ct</strong></span> <span class='ocrx_word' id='word_1_225' title='bbox 457 2511 548 2566; x_wconf 79' lang='lat' dir='ltr'><strong>direxit</strong></span> <span class='ocrx_word' id='word_1_226' title='bbox 564 2527 664 2582; x_wconf 80' lang='lat' dir='ltr'><strong>gressus</strong></span> <span class='ocrx_word' id='word_1_227' title='bbox 677 2525 756 2576; x_wconf 66' lang='lat' dir='ltr'><strong>oreon·</strong></span> <span class='ocrx_word' id='word_1_228' title='bbox 777 2517 801 2563; x_wconf 89' lang='lat' dir='ltr'><strong>ct</strong></span> <span class='ocrx_word' id='word_1_229' title='bbox 820 2509 923 2563; x_wconf 87' lang='lat' dir='ltr'><strong>immisit</strong></span> <span class='ocrx_word' id='word_1_230' title='bbox 941 2509 967 2562; x_wconf 90' lang='lat' dir='ltr'><strong>iu</strong></span> <span class='ocrx_word' id='word_1_231' title='bbox 986 2525 1014 2563; x_wconf 91' lang='lat' dir='ltr'><strong>os</strong></span> 
     </span>
     <span class='ocr_line' id='line_1_26' title="bbox 228 2601 1013 2674; baseline -0.006 -15"><span class='ocrx_word' id='word_1_232' title='bbox 228 2605 673 2674; x_wconf 75' lang='lat' dir='ltr'><strong>rneunrcanticanraonam,hymnum</strong></span> <span class='ocrx_word' id='word_1_233' title='bbox 681 2601 1013 2670; x_wconf 66' lang='lat' dir='ltr'><strong>Dconostroffsainxxrx,</strong></span> 
     </span>
     <span class='ocr_line' id='line_1_27' title="bbox 229 2693 1014 2770; baseline -0.008 -18"><span class='ocrx_word' id='word_1_234' title='bbox 229 2697 277 2763; x_wconf 71' lang='lat' dir='ltr'><strong>liet</strong></span> <span class='ocrx_word' id='word_1_235' title='bbox 286 2697 324 2770; x_wconf 80' lang='lat' dir='ltr'><strong>i).</strong></span> <span class='ocrx_word' id='word_1_236' title='bbox 341 2697 400 2766; x_wconf 89' lang='lat' dir='ltr'><strong>lpse</strong></span> <span class='ocrx_word' id='word_1_237' title='bbox 412 2713 475 2766; x_wconf 89' lang='lat' dir='ltr'><strong>ergo</strong></span> <span class='ocrx_word' id='word_1_238' title='bbox 487 2697 568 2751; x_wconf 85' lang='lat' dir='ltr'><strong>vineit</strong></span> <span class='ocrx_word' id='word_1_239' title='bbox 583 2697 608 2750; x_wconf 89' lang='lat' dir='ltr'><strong>in</strong></span> <span class='ocrx_word' id='word_1_240' title='bbox 622 2696 725 2750; x_wconf 88' lang='lat' dir='ltr'><strong>cantico</strong></span> <span class='ocrx_word' id='word_1_241' title='bbox 740 2694 856 2761; x_wconf 85' lang='lat' dir='ltr'><strong>Domini,</strong></span> <span class='ocrx_word' id='word_1_242' title='bbox 869 2694 913 2764; x_wconf 85' lang='lat' dir='ltr'><strong>qui</strong></span> <span class='ocrx_word' id='word_1_243' title='bbox 927 2693 1014 2764; x_wconf 87' lang='lat' dir='ltr'><strong>placet</strong></span> 
     </span>
     <span class='ocr_line' id='line_1_28' title="bbox 230 2784 1013 2861; baseline -0.011 -13"><span class='ocrx_word' id='word_1_244' title='bbox 230 2791 258 2848; x_wconf 85' lang='lat' dir='ltr'><strong>in</strong></span> <span class='ocrx_word' id='word_1_245' title='bbox 276 2791 332 2861; x_wconf 84' lang='lat' dir='ltr'><strong>ejrm</strong></span> <span class='ocrx_word' id='word_1_246' title='bbox 348 2790 436 2852; x_wconf 83' lang='lat' dir='ltr'><strong>lande,</strong></span> <span class='ocrx_word' id='word_1_247' title='bbox 453 2805 506 2844; x_wconf 88' lang='lat' dir='ltr'><strong>nott</strong></span> <span class='ocrx_word' id='word_1_248' title='bbox 525 2804 587 2856; x_wconf 90' lang='lat' dir='ltr'><strong>sna,</strong></span> <span class='ocrx_word' id='word_1_249' title='bbox 608 2798 637 2841; x_wconf 92' lang='lat' dir='ltr'><strong>nt</strong></span> <span class='ocrx_word' id='word_1_250' title='bbox 652 2789 694 2858; x_wconf 85' lang='lat' dir='ltr'><strong>qui</strong></span> <span class='ocrx_word' id='word_1_251' title='bbox 708 2787 843 2858; x_wconf 85' lang='lat' dir='ltr'><strong>gloriatur,</strong></span> <span class='ocrx_word' id='word_1_252' title='bbox 857 2786 884 2840; x_wconf 91' lang='lat' dir='ltr'><strong>in</strong></span> <span class='ocrx_word' id='word_1_253' title='bbox 903 2784 1013 2839; x_wconf 89' lang='lat' dir='ltr'><strong>Domino</strong></span> 
     </span>
     <span class='ocr_line' id='line_1_29' title="bbox 231 2875 1014 2955; baseline -0.011 -18"><span class='ocrx_word' id='word_1_254' title='bbox 231 2882 354 2955; x_wconf 77' lang='lat' dir='ltr'><strong>gloriator</strong></span> <span class='ocrx_word' id='word_1_255' title='bbox 368 2881 395 2953; x_wconf 89' lang='grc' dir='ltr'><strong>(Ι</strong></span> <span class='ocrx_word' id='word_1_256' title='bbox 410 2880 468 2935; x_wconf 86' lang='lat' dir='ltr'><strong>Cor.</strong></span> <span class='ocrx_word' id='word_1_257' title='bbox 484 2896 502 2946; x_wconf 90' lang='grc' dir='ltr'><strong>ι,</strong></span> <span class='ocrx_word' id='word_1_258' title='bbox 520 2879 576 2951; x_wconf 74' lang='lat' dir='ltr'><strong>iri).</strong></span> <span class='ocrx_word' id='word_1_259' title='bbox 596 2879 689 2934; x_wconf 86' lang='lat' dir='ltr'><strong>blelius</strong></span> <span class='ocrx_word' id='word_1_260' title='bbox 703 2888 791 2933; x_wconf 88' lang='lat' dir='ltr'><strong>antem</strong></span> <span class='ocrx_word' id='word_1_261' title='bbox 811 2877 874 2931; x_wconf 89' lang='lat' dir='ltr'><strong>nrilri</strong></span> <span class='ocrx_word' id='word_1_262' title='bbox 891 2875 1014 2930; x_wconf 89' lang='lat' dir='ltr'><strong>videntur</strong></span> 
     </span>
     <span class='ocr_line' id='line_1_30' title="bbox 227 2966 1012 3043; baseline -0.009 -16"><span class='ocrx_word' id='word_1_263' title='bbox 227 2971 334 3043; x_wconf 80' lang='lat' dir='ltr'><strong>quitiam</strong></span> <span class='ocrx_word' id='word_1_264' title='bbox 350 2970 456 3026; x_wconf 88' lang='lat' dir='ltr'><strong>codices</strong></span> <span class='ocrx_word' id='word_1_265' title='bbox 480 2972 588 3037; x_wconf 87' lang='lat' dir='ltr'><strong>hahere,</strong></span> <span class='ocrx_word' id='word_1_266' title='bbox 609 2968 729 3024; x_wconf 82' lang='lat' dir='ltr'><strong>Gnadebo</strong></span> <span class='ocrx_word' id='word_1_267' title='bbox 750 2970 777 3023; x_wconf 91' lang='lat' dir='ltr'><strong>in</strong></span> <span class='ocrx_word' id='word_1_268' title='bbox 793 2968 848 3023; x_wconf 82' lang='lat' dir='ltr'><strong>Deo</strong></span> <span class='ocrx_word' id='word_1_269' title='bbox 868 2966 931 3022; x_wconf 75' lang='lat' dir='ltr'><strong>iesu</strong></span> <span class='ocrx_word' id='word_1_270' title='bbox 946 2982 1012 3033; x_wconf 89' lang='lat' dir='ltr'><strong>meo,</strong></span> 
     </span>
     <span class='ocr_line' id='line_1_31' title="bbox 227 3058 1009 3135; baseline -0.009 -16"><span class='ocrx_word' id='word_1_271' title='bbox 227 3078 305 3135; x_wconf 83' lang='lat' dir='ltr'><strong>qnam</strong></span> <span class='ocrx_word' id='word_1_272' title='bbox 320 3062 346 3118; x_wconf 93' lang='lat' dir='ltr'><strong>hi</strong></span> <span class='ocrx_word' id='word_1_273' title='bbox 361 3063 406 3134; x_wconf 81' lang='lat' dir='ltr'><strong>qui</strong></span> <span class='ocrx_word' id='word_1_274' title='bbox 420 3062 540 3117; x_wconf 84' lang='lat' dir='ltr'><strong>volentes</strong></span> <span class='ocrx_word' id='word_1_275' title='bbox 555 3061 581 3117; x_wconf 89' lang='lat' dir='ltr'><strong>id</strong></span> <span class='ocrx_word' id='word_1_276' title='bbox 595 3061 676 3117; x_wconf 91' lang='lat' dir='ltr'><strong>latine</strong></span> <span class='ocrx_word' id='word_1_277' title='bbox 688 3075 797 3132; x_wconf 91' lang='lat' dir='ltr'><strong>ponere,</strong></span> <span class='ocrx_word' id='word_1_278' title='bbox 812 3075 908 3114; x_wconf 91' lang='lat' dir='ltr'><strong>nomen</strong></span> <span class='ocrx_word' id='word_1_279' title='bbox 925 3058 1009 3128; x_wconf 90' lang='lat' dir='ltr'><strong>ipsum</strong></span> 
     </span>
     <span class='ocr_line' id='line_1_32' title="bbox 226 3151 1013 3227; baseline -0.008 -16"><span class='ocrx_word' id='word_1_280' title='bbox 226 3171 280 3219; x_wconf 84' lang='lat' dir='ltr'><strong>pon</strong></span> <span class='ocrx_word' id='word_1_281' title='bbox 294 3165 450 3226; x_wconf 88' lang='lat' dir='ltr'><strong>posuerant,</strong></span> <span class='ocrx_word' id='word_1_282' title='bbox 463 3154 536 3227; x_wconf 90' lang='lat' dir='ltr'><strong>quod</strong></span> <span class='ocrx_word' id='word_1_283' title='bbox 548 3163 589 3211; x_wconf 89' lang='lat' dir='ltr'><strong>est</strong></span> <span class='ocrx_word' id='word_1_284' title='bbox 600 3154 678 3210; x_wconf 90' lang='lat' dir='ltr'><strong>nobis</strong></span> <span class='ocrx_word' id='word_1_285' title='bbox 690 3152 801 3209; x_wconf 89' lang='lat' dir='ltr'><strong>amicius</strong></span> <span class='ocrx_word' id='word_1_286' title='bbox 811 3162 838 3207; x_wconf 92' lang='lat' dir='ltr'><strong>et</strong></span> <span class='ocrx_word' id='word_1_287' title='bbox 847 3151 952 3208; x_wconf 89' lang='lat' dir='ltr'><strong>dulcius</strong></span> <span class='ocrx_word' id='word_1_288' title='bbox 964 3166 1013 3206; x_wconf 91' lang='lat' dir='ltr'><strong>no·</strong></span> 
     </span>
     <span class='ocr_line' id='line_1_33' title="bbox 195 3248 338 3304; baseline -0.014 0"><span class='ocrx_word' id='word_1_289' title='bbox 195 3259 199 3268; x_wconf 90' lang='lat'>&#39;</span> <span class='ocrx_word' id='word_1_290' title='bbox 226 3248 338 3304; x_wconf 80' lang='lat' dir='ltr'><strong>initiare.</strong></span> 
     </span>
    </p>
   </div>
   <div class='ocr_carea' id='block_1_4' title="bbox 227 3353 1015 3612">
    <p class='ocr_par' dir='ltr' id='par_1_4' title="bbox 227 3353 1015 3612">
     <span class='ocr_line' id='line_1_34' title="bbox 227 3353 1014 3415; baseline -0.006 -3"><span class='ocrx_word' id='word_1_291' title='bbox 227 3356 339 3415; x_wconf 74' lang='lat' dir='ltr'><strong>Call‘ll&#39;i</strong></span> <span class='ocrx_word' id='word_1_292' title='bbox 358 3355 477 3411; x_wconf 76' lang='lat' dir='ltr'><strong>Xllhlll.</strong></span> <span class='ocrx_word' id='word_1_293' title='bbox 489 3386 524 3397; x_wconf 89' lang='lat'>-</span> <span class='ocrx_word' id='word_1_294' title='bbox 537 3355 575 3410; x_wconf 75' lang='lat' dir='ltr'><strong>oe</strong></span> <span class='ocrx_word' id='word_1_295' title='bbox 591 3355 691 3410; x_wconf 83' lang='lat' dir='ltr'><strong>Christo</strong></span> <span class='ocrx_word' id='word_1_296' title='bbox 710 3365 734 3410; x_wconf 89' lang='lat' dir='ltr'><strong>et</strong></span> <span class='ocrx_word' id='word_1_297' title='bbox 752 3354 879 3409; x_wconf 85' lang='lat' dir='ltr'><strong>uacatione</strong></span> <span class='ocrx_word' id='word_1_298' title='bbox 897 3353 1014 3409; x_wconf 83' lang='lat' dir='ltr'><strong>Gentium</strong></span> 
     </span>
     <span class='ocr_line' id='line_1_35' title="bbox 260 3445 1015 3520; baseline -0.005 -18"><span class='ocrx_word' id='word_1_299' title='bbox 260 3464 318 3517; x_wconf 76' lang='lat' dir='ltr'><strong>oue</strong></span> <span class='ocrx_word' id='word_1_300' title='bbox 337 3447 461 3504; x_wconf 75' lang='lat' dir='ltr'><strong>taram</strong></span> <span class='ocrx_word' id='word_1_301' title='bbox 478 3459 501 3503; x_wconf 90' lang='lat' dir='ltr'><strong>et</strong></span> <span class='ocrx_word' id='word_1_302' title='bbox 521 3447 666 3519; x_wconf 77' lang='lat' dir='ltr'><strong>sophonias</strong></span> <span class='ocrx_word' id='word_1_303' title='bbox 684 3446 829 3520; x_wconf 86' lang='lat' dir='ltr'><strong>prophetico</strong></span> <span class='ocrx_word' id='word_1_304' title='bbox 846 3446 944 3514; x_wconf 83' lang='lat' dir='ltr'><strong>Spiritu</strong></span> <span class='ocrx_word' id='word_1_305' title='bbox 964 3445 1015 3499; x_wconf 91' lang='lat' dir='ltr'><strong>sint</strong></span> 
     </span>
     <span class='ocr_line' id='line_1_36' title="bbox 264 3541 374 3612; baseline 0 -18"><span class='ocrx_word' id='word_1_306' title='bbox 264 3541 374 3612; x_wconf 72' lang='lat' dir='ltr'><strong>profati.</strong></span> 
     </span>
    </p>
   </div>
   <div class='ocr_carea' id='block_1_5' title="bbox 226 3650 1015 4366">
    <p class='ocr_par' dir='ltr' id='par_1_5' title="bbox 226 3650 1015 4366">
     <span class='ocr_line' id='line_1_37' title="bbox 263 3650 1013 3726; baseline -0.008 -15"><span class='ocrx_word' id='word_1_307' title='bbox 263 3659 289 3711; x_wconf 89' lang='lat' dir='ltr'><strong>t.</strong></span> <span class='ocrx_word' id='word_1_308' title='bbox 317 3656 447 3711; x_wconf 84' lang='lat' dir='ltr'><strong>ieremias</strong></span> <span class='ocrx_word' id='word_1_309' title='bbox 472 3655 600 3726; x_wconf 88' lang='lat' dir='ltr'><strong>propbeta</strong></span> <span class='ocrx_word' id='word_1_310' title='bbox 625 3654 659 3709; x_wconf 89' lang='lat' dir='ltr'><strong>de</strong></span> <span class='ocrx_word' id='word_1_311' title='bbox 684 3652 829 3723; x_wconf 78' lang='lat' dir='ltr'><strong>majoribus</strong></span> <span class='ocrx_word' id='word_1_312' title='bbox 857 3660 918 3718; x_wconf 90' lang='lat' dir='ltr'><strong>est,</strong></span> <span class='ocrx_word' id='word_1_313' title='bbox 944 3650 1013 3706; x_wconf 91' lang='lat' dir='ltr'><strong>sieut</strong></span> 
     </span>
     <span class='ocr_line' id='line_1_38' title="bbox 227 3744 1013 3815; baseline -0.003 -13"><span class='ocrx_word' id='word_1_314' title='bbox 227 3748 324 3810; x_wconf 78' lang='lat' dir='ltr'><strong>isaias:</strong></span> <span class='ocrx_word' id='word_1_315' title='bbox 348 3763 400 3802; x_wconf 91' lang='lat' dir='ltr'><strong>non</strong></span> <span class='ocrx_word' id='word_1_316' title='bbox 414 3747 448 3802; x_wconf 88' lang='lat' dir='ltr'><strong>de</strong></span> <span class='ocrx_word' id='word_1_317' title='bbox 468 3747 623 3810; x_wconf 83' lang='lat' dir='ltr'><strong>minoribns.</strong></span> <span class='ocrx_word' id='word_1_318' title='bbox 650 3745 719 3802; x_wconf 89' lang='lat' dir='ltr'><strong>sicut</strong></span> <span class='ocrx_word' id='word_1_319' title='bbox 737 3746 836 3809; x_wconf 79' lang='lat' dir='ltr'><strong>ceteri,</strong></span> <span class='ocrx_word' id='word_1_320' title='bbox 852 3744 1013 3815; x_wconf 82' lang='lat' dir='ltr'><strong>deonorum</strong></span> 
     </span>
     <span class='ocr_line' id='line_1_39' title="bbox 226 3837 1013 3910; baseline -0.003 -15"><span class='ocrx_word' id='word_1_321' title='bbox 226 3841 333 3910; x_wconf 75' lang='lat' dir='ltr'><strong>scriprtis</strong></span> <span class='ocrx_word' id='word_1_322' title='bbox 352 3838 542 3908; x_wconf 83' lang='lat' dir='ltr'><strong>nonnnliajam</strong></span> <span class='ocrx_word' id='word_1_323' title='bbox 563 3838 648 3909; x_wconf 85' lang='lat' dir='ltr'><strong>posui.</strong></span> <span class='ocrx_word' id='word_1_324' title='bbox 669 3837 838 3908; x_wconf 84' lang='lat' dir='ltr'><strong>Prophetavit</strong></span> <span class='ocrx_word' id='word_1_325' title='bbox 858 3846 947 3893; x_wconf 89' lang='lat' dir='ltr'><strong>autern</strong></span> <span class='ocrx_word' id='word_1_326' title='bbox 968 3852 1013 3893; x_wconf 91' lang='lat' dir='ltr'><strong>re·</strong></span> 
     </span>
     <span class='ocr_line' id='line_1_40' title="bbox 226 3927 1014 4002; baseline -0.004 -16"><span class='ocrx_word' id='word_1_327' title='bbox 226 3931 407 4002; x_wconf 82' lang='lat' dir='ltr'><strong>guantetnsia</strong></span> <span class='ocrx_word' id='word_1_328' title='bbox 431 3932 456 3985; x_wconf 93' lang='lat' dir='ltr'><strong>in</strong></span> <span class='ocrx_word' id='word_1_329' title='bbox 469 3930 627 3996; x_wconf 81' lang='lat' dir='ltr'><strong>ierusalem,</strong></span> <span class='ocrx_word' id='word_1_330' title='bbox 650 3939 677 3983; x_wconf 93' lang='lat' dir='ltr'><strong>et</strong></span> <span class='ocrx_word' id='word_1_331' title='bbox 694 3928 763 3999; x_wconf 91' lang='lat' dir='ltr'><strong>apud</strong></span> <span class='ocrx_word' id='word_1_332' title='bbox 786 3927 920 3982; x_wconf 82' lang='lat' dir='ltr'><strong>Rornanos</strong></span> <span class='ocrx_word' id='word_1_333' title='bbox 939 3927 1014 3983; x_wconf 79' lang='lat' dir='ltr'><strong>hoco</strong></span> 
     </span>
     <span class='ocr_line' id='line_1_41' title="bbox 227 4017 1012 4093; baseline -0.004 -15"><span class='ocrx_word' id='word_1_334' title='bbox 227 4023 331 4089; x_wconf 84' lang='lat' dir='ltr'><strong>blartio,</strong></span> <span class='ocrx_word' id='word_1_335' title='bbox 350 4022 403 4092; x_wconf 85' lang='lat' dir='ltr'><strong>jam</strong></span> <span class='ocrx_word' id='word_1_336' title='bbox 419 4022 613 4093; x_wconf 85' lang='lat' dir='ltr'><strong>propinquante</strong></span> <span class='ocrx_word' id='word_1_337' title='bbox 628 4020 779 4091; x_wconf 80' lang='lat' dir='ltr'><strong>captivitate</strong></span> <span class='ocrx_word' id='word_1_338' title='bbox 792 4017 948 4076; x_wconf 80' lang='lat' dir='ltr'><strong>ludaeorum</strong></span> <span class='ocrx_word' id='word_1_339' title='bbox 962 4018 1012 4092; x_wconf 74' lang='lat' dir='ltr'><strong>(a).</strong></span> 
     </span>
     <span class='ocr_line' id='line_1_42' title="bbox 226 4110 1015 4184; baseline -0.009 -12"><span class='ocrx_word' id='word_1_340' title='bbox 226 4115 351 4171; x_wconf 78' lang='lat' dir='ltr'><strong>Tetondit</strong></span> <span class='ocrx_word' id='word_1_341' title='bbox 363 4122 451 4169; x_wconf 88' lang='lat' dir='ltr'><strong>antem</strong></span> <span class='ocrx_word' id='word_1_342' title='bbox 465 4113 643 4184; x_wconf 85' lang='lat' dir='ltr'><strong>prophetiam,</strong></span> <span class='ocrx_word' id='word_1_343' title='bbox 661 4110 789 4182; x_wconf 82' lang='lat' dir='ltr'><strong>usquead</strong></span> <span class='ocrx_word' id='word_1_344' title='bbox 803 4111 923 4181; x_wconf 84' lang='lat' dir='ltr'><strong>quintam</strong></span> <span class='ocrx_word' id='word_1_345' title='bbox 937 4125 1015 4166; x_wconf 76' lang='lat' dir='ltr'><strong>meu·</strong></span> 
     </span>
     <span class='ocr_line' id='line_1_43' title="bbox 228 4201 1012 4274; baseline -0.006 -13"><span class='ocrx_word' id='word_1_346' title='bbox 228 4220 284 4261; x_wconf 89' lang='lat' dir='ltr'><strong>scrn</strong></span> <span class='ocrx_word' id='word_1_347' title='bbox 310 4204 471 4274; x_wconf 85' lang='lat' dir='ltr'><strong>captivitatis</strong></span> <span class='ocrx_word' id='word_1_348' title='bbox 490 4220 496 4256; x_wconf 79' lang='grc' dir='ltr'><strong>ι</strong></span> <span class='ocrx_word' id='word_1_349' title='bbox 515 4204 584 4259; x_wconf 88' lang='lat' dir='ltr'><strong>sient</strong></span> <span class='ocrx_word' id='word_1_350' title='bbox 607 4203 633 4256; x_wconf 94' lang='lat' dir='ltr'><strong>in</strong></span> <span class='ocrx_word' id='word_1_351' title='bbox 657 4202 715 4269; x_wconf 78' lang='lat' dir='ltr'><strong>eins</strong></span> <span class='ocrx_word' id='word_1_352' title='bbox 735 4201 829 4257; x_wconf 91' lang='lat' dir='ltr'><strong>litteris</strong></span> <span class='ocrx_word' id='word_1_353' title='bbox 853 4201 1012 4257; x_wconf 73' lang='lat' dir='ltr'><strong>invenimus.</strong></span> 
     </span>
     <span class='ocr_line' id='line_1_44' title="bbox 227 4291 1013 4366; baseline -0.008 -15"><span class='ocrx_word' id='word_1_354' title='bbox 227 4293 379 4366; x_wconf 88' lang='lat' dir='ltr'><strong>Sophonins</strong></span> <span class='ocrx_word' id='word_1_355' title='bbox 397 4303 485 4348; x_wconf 87' lang='lat' dir='ltr'><strong>autem</strong></span> <span class='ocrx_word' id='word_1_356' title='bbox 506 4309 573 4348; x_wconf 84' lang='lat' dir='ltr'><strong>trans</strong></span> <span class='ocrx_word' id='word_1_357' title='bbox 594 4294 629 4347; x_wconf 91' lang='lat' dir='ltr'><strong>de</strong></span> <span class='ocrx_word' id='word_1_358' title='bbox 652 4293 798 4348; x_wconf 86' lang='lat' dir='ltr'><strong>minoribns</strong></span> <span class='ocrx_word' id='word_1_359' title='bbox 812 4291 965 4362; x_wconf 89' lang='lat' dir='ltr'><strong>adjungitur</strong></span> <span class='ocrx_word' id='word_1_360' title='bbox 976 4292 1013 4348; x_wconf 88' lang='lat' dir='ltr'><strong>ei.</strong></span> 
     </span>
    </p>
   </div>
   <div class='ocr_carea' id='block_1_6' title="bbox 228 4383 1016 4454">
    <p class='ocr_par' dir='ltr' id='par_1_6' title="bbox 228 4383 1016 4454">
     <span class='ocr_line' id='line_1_45' title="bbox 228 4383 1016 4454; baseline 0 -13"><span class='ocrx_word' id='word_1_361' title='bbox 228 4384 295 4441; x_wconf 80' lang='lat' dir='ltr'><strong>Nam</strong></span> <span class='ocrx_word' id='word_1_362' title='bbox 319 4385 421 4454; x_wconf 86' lang='lat' dir='ltr'><strong>etipse</strong></span> <span class='ocrx_word' id='word_1_363' title='bbox 443 4383 470 4438; x_wconf 91' lang='lat' dir='ltr'><strong>in</strong></span> <span class='ocrx_word' id='word_1_364' title='bbox 489 4384 583 4439; x_wconf 88' lang='lat' dir='ltr'><strong>diebos</strong></span> <span class='ocrx_word' id='word_1_365' title='bbox 603 4383 684 4440; x_wconf 73' lang='lat' dir='ltr'><strong>iosire</strong></span> <span class='ocrx_word' id='word_1_366' title='bbox 707 4383 881 4454; x_wconf 87' lang='lat' dir='ltr'><strong>prophetasse</strong></span> <span class='ocrx_word' id='word_1_367' title='bbox 902 4399 932 4441; x_wconf 90' lang='lat' dir='ltr'><strong>se</strong></span> <span class='ocrx_word' id='word_1_368' title='bbox 950 4383 1016 4441; x_wconf 90' lang='lat' dir='ltr'><strong>dicit</strong></span> 
     </span>
    </p>
   </div>
   <div class='ocr_carea' id='block_1_7' title="bbox 226 4475 1015 4912">
    <p class='ocr_par' dir='ltr' id='par_1_7' title="bbox 226 4475 1015 4912">
     <span class='ocr_line' id='line_1_46' title="bbox 229 4475 1015 4548; baseline -0.001 -16"><span class='ocrx_word' id='word_1_369' title='bbox 229 4475 358 4548; x_wconf 80' lang='lat' dir='ltr'><strong>(Sophon.</strong></span> <span class='ocrx_word' id='word_1_370' title='bbox 373 4492 391 4538; x_wconf 95' lang='grc' dir='ltr'><strong>ι,</strong></span> <span class='ocrx_word' id='word_1_371' title='bbox 406 4475 435 4546; x_wconf 85' lang='lat' dir='ltr'><strong>l)</strong></span> <span class='ocrx_word' id='word_1_372' title='bbox 447 4493 455 4528; x_wconf 78' lang='lat' dir='ltr'>t</span> <span class='ocrx_word' id='word_1_373' title='bbox 467 4475 514 4530; x_wconf 91' lang='lat' dir='ltr'><strong>sed</strong></span> <span class='ocrx_word' id='word_1_374' title='bbox 526 4490 674 4545; x_wconf 79' lang='lat' dir='ltr'><strong>gnatisque,</strong></span> <span class='ocrx_word' id='word_1_375' title='bbox 688 4489 741 4530; x_wconf 91' lang='lat' dir='ltr'><strong>non</strong></span> <span class='ocrx_word' id='word_1_376' title='bbox 755 4475 828 4530; x_wconf 88' lang='lat' dir='ltr'><strong>dicit.</strong></span> <span class='ocrx_word' id='word_1_377' title='bbox 844 4476 1015 4546; x_wconf 87' lang='lat' dir='ltr'><strong>Prophetavit</strong></span> 
     </span>
     <span class='ocr_line' id='line_1_47' title="bbox 228 4567 1014 4641; baseline -0.001 -17"><span class='ocrx_word' id='word_1_378' title='bbox 228 4584 291 4641; x_wconf 84' lang='lat' dir='ltr'><strong>ergo</strong></span> <span class='ocrx_word' id='word_1_379' title='bbox 306 4568 445 4632; x_wconf 80' lang='lat' dir='ltr'><strong>ieremias,</strong></span> <span class='ocrx_word' id='word_1_380' title='bbox 461 4582 515 4622; x_wconf 93' lang='lat' dir='ltr'><strong>non</strong></span> <span class='ocrx_word' id='word_1_381' title='bbox 535 4567 621 4622; x_wconf 90' lang='lat' dir='ltr'><strong>solnm</strong></span> <span class='ocrx_word' id='word_1_382' title='bbox 635 4567 699 4622; x_wconf 76' lang='lat' dir='ltr'><strong>Anci</strong></span> <span class='ocrx_word' id='word_1_383' title='bbox 718 4567 815 4632; x_wconf 88' lang='lat' dir='ltr'><strong>llartii,</strong></span> <span class='ocrx_word' id='word_1_384' title='bbox 831 4568 1014 4623; x_wconf 89' lang='lat' dir='ltr'><strong>verumetiam</strong></span> 
     </span>
     <span class='ocr_line' id='line_1_48' title="bbox 228 4656 1015 4729; baseline 0 -16"><span class='ocrx_word' id='word_1_385' title='bbox 228 4656 363 4729; x_wconf 78' lang='lat' dir='ltr'><strong>Tarquinii</strong></span> <span class='ocrx_word' id='word_1_386' title='bbox 384 4656 466 4712; x_wconf 85' lang='lat' dir='ltr'><strong>Prisci</strong></span> <span class='ocrx_word' id='word_1_387' title='bbox 486 4656 659 4725; x_wconf 86' lang='lat' dir='ltr'><strong>temporibus,</strong></span> <span class='ocrx_word' id='word_1_388' title='bbox 680 4670 759 4724; x_wconf 88' lang='lat' dir='ltr'><strong>quem</strong></span> <span class='ocrx_word' id='word_1_389' title='bbox 780 4656 892 4710; x_wconf 83' lang='lat' dir='ltr'><strong>hornani</strong></span> <span class='ocrx_word' id='word_1_390' title='bbox 916 4656 1015 4713; x_wconf 88' lang='lat' dir='ltr'><strong>habue-</strong></span> 
     </span>
     <span class='ocr_line' id='line_1_49' title="bbox 226 4745 1015 4820; baseline 0 -16"><span class='ocrx_word' id='word_1_391' title='bbox 226 4759 292 4805; x_wconf 89' lang='lat' dir='ltr'><strong>ruut</strong></span> <span class='ocrx_word' id='word_1_392' title='bbox 309 4749 430 4820; x_wconf 83' lang='lat' dir='ltr'><strong>qnintnm</strong></span> <span class='ocrx_word' id='word_1_393' title='bbox 445 4762 546 4818; x_wconf 89' lang='lat' dir='ltr'><strong>regem.</strong></span> <span class='ocrx_word' id='word_1_394' title='bbox 560 4745 618 4817; x_wconf 86' lang='lat' dir='ltr'><strong>lpse</strong></span> <span class='ocrx_word' id='word_1_395' title='bbox 631 4747 713 4814; x_wconf 90' lang='lat' dir='ltr'><strong>enim,</strong></span> <span class='ocrx_word' id='word_1_396' title='bbox 728 4747 835 4817; x_wconf 80' lang='lat' dir='ltr'><strong>qnarrdo</strong></span> <span class='ocrx_word' id='word_1_397' title='bbox 853 4756 894 4803; x_wconf 89' lang='lat' dir='ltr'><strong>est</strong></span> <span class='ocrx_word' id='word_1_398' title='bbox 907 4749 951 4804; x_wconf 88' lang='lat' dir='ltr'><strong>illa</strong></span> <span class='ocrx_word' id='word_1_399' title='bbox 970 4764 1015 4805; x_wconf 88' lang='lat' dir='ltr'><strong>ca-</strong></span> 
     </span>
     <span class='ocr_line' id='line_1_50' title="bbox 227 4835 1014 4912; baseline 0.003 -18"><span class='ocrx_word' id='word_1_400' title='bbox 227 4841 335 4912; x_wconf 84' lang='lat' dir='ltr'><strong>ptiritas</strong></span> <span class='ocrx_word' id='word_1_401' title='bbox 348 4839 426 4908; x_wconf 76' lang='lat' dir='ltr'><strong>lacu,</strong></span> <span class='ocrx_word' id='word_1_402' title='bbox 440 4835 552 4910; x_wconf 81' lang='lat' dir='ltr'><strong>regnare</strong></span> <span class='ocrx_word' id='word_1_403' title='bbox 565 4838 617 4907; x_wconf 83' lang='lat' dir='ltr'><strong>jam</strong></span> <span class='ocrx_word' id='word_1_404' title='bbox 629 4846 758 4908; x_wconf 89' lang='lat' dir='ltr'><strong>eoeperat.</strong></span> <span class='ocrx_word' id='word_1_405' title='bbox 773 4838 939 4909; x_wconf 86' lang='lat' dir='ltr'><strong>Proplretans</strong></span> <span class='ocrx_word' id='word_1_406' title='bbox 950 4854 1014 4912; x_wconf 88' lang='lat' dir='ltr'><strong>ergo</strong></span> 
     </span>
    </p>
   </div>
   <div class='ocr_carea' id='block_1_8' title="bbox 228 4929 1015 5000">
    <p class='ocr_par' dir='ltr' id='par_1_8' title="bbox 228 4929 1015 5000">
     <span class='ocr_line' id='line_1_51' title="bbox 228 4929 1015 5000; baseline 0.003 -15"><span class='ocrx_word' id='word_1_407' title='bbox 228 4930 379 4986; x_wconf 87' lang='lat' dir='ltr'><strong>derristo</strong></span> <span class='ocrx_word' id='word_1_408' title='bbox 397 4929 537 4997; x_wconf 81' lang='lat' dir='ltr'><strong>ieremias,</strong></span> <span class='ocrx_word' id='word_1_409' title='bbox 553 4929 676 5000; x_wconf 85' lang='lat' dir='ltr'><strong>Spiritus,</strong></span> <span class='ocrx_word' id='word_1_410' title='bbox 692 4929 786 5000; x_wconf 85' lang='lat' dir='ltr'><strong>inquit,</strong></span> <span class='ocrx_word' id='word_1_411' title='bbox 802 4929 853 4984; x_wconf 87' lang='lat' dir='ltr'><strong>oris</strong></span> <span class='ocrx_word' id='word_1_412' title='bbox 867 4931 947 4985; x_wconf 87' lang='lat' dir='ltr'><strong>nostri</strong></span> <span class='ocrx_word' id='word_1_413' title='bbox 960 4930 1015 4987; x_wconf 78' lang='lat' dir='ltr'><strong>llo-</strong></span> 
     </span>
    </p>
   </div>
   <div class='ocr_carea' id='block_1_9' title="bbox 226 5020 1013 5366">
    <p class='ocr_par' dir='ltr' id='par_1_9' title="bbox 226 5020 1013 5366">
     <span class='ocr_line' id='line_1_52' title="bbox 227 5020 1010 5093; baseline 0.005 -18"><span class='ocrx_word' id='word_1_414' title='bbox 227 5036 311 5076; x_wconf 87' lang='lat' dir='ltr'><strong>mrnas</strong></span> <span class='ocrx_word' id='word_1_415' title='bbox 322 5021 435 5076; x_wconf 87' lang='lat' dir='ltr'><strong>Christus</strong></span> <span class='ocrx_word' id='word_1_416' title='bbox 454 5032 544 5093; x_wconf 86' lang='lat' dir='ltr'><strong>captas</strong></span> <span class='ocrx_word' id='word_1_417' title='bbox 554 5029 592 5076; x_wconf 87' lang='lat' dir='ltr'><strong>est</strong></span> <span class='ocrx_word' id='word_1_418' title='bbox 605 5021 747 5093; x_wconf 85' lang='lat' dir='ltr'><strong>inpeccatis</strong></span> <span class='ocrx_word' id='word_1_419' title='bbox 758 5022 849 5076; x_wconf 82' lang='lat' dir='ltr'><strong>nostris</strong></span> <span class='ocrx_word' id='word_1_420' title='bbox 860 5020 965 5093; x_wconf 83' lang='lat' dir='ltr'><strong>(Thren.</strong></span> <span class='ocrx_word' id='word_1_421' title='bbox 974 5038 1010 5088; x_wconf 84' lang='lat' dir='ltr'><strong>tr,</strong></span> 
     </span>
     <span class='ocr_line' id='line_1_53' title="bbox 226 5111 1012 5181; baseline 0.008 -16"><span class='ocrx_word' id='word_1_422' title='bbox 226 5111 295 5181; x_wconf 78' lang='lat'><strong>20);</strong></span> <span class='ocrx_word' id='word_1_423' title='bbox 312 5113 350 5168; x_wconf 92' lang='lat' dir='ltr'><strong>sic</strong></span> <span class='ocrx_word' id='word_1_424' title='bbox 371 5113 488 5169; x_wconf 89' lang='lat' dir='ltr'><strong>breviter</strong></span> <span class='ocrx_word' id='word_1_425' title='bbox 505 5113 658 5177; x_wconf 87' lang='lat' dir='ltr'><strong>ostendens,</strong></span> <span class='ocrx_word' id='word_1_426' title='bbox 681 5121 708 5169; x_wconf 92' lang='lat' dir='ltr'><strong>et</strong></span> <span class='ocrx_word' id='word_1_427' title='bbox 732 5112 871 5168; x_wconf 87' lang='lat' dir='ltr'><strong>bominum</strong></span> <span class='ocrx_word' id='word_1_428' title='bbox 893 5123 1012 5171; x_wconf 88' lang='lat' dir='ltr'><strong>nostram</strong></span> 
     </span>
     <span class='ocr_line' id='line_1_54' title="bbox 226 5200 1011 5276; baseline 0.005 -20"><span class='ocrx_word' id='word_1_429' title='bbox 226 5200 373 5267; x_wconf 78' lang='lat' dir='ltr'><strong>Christum,</strong></span> <span class='ocrx_word' id='word_1_430' title='bbox 388 5212 416 5257; x_wconf 86' lang='lat' dir='ltr'><strong>et</strong></span> <span class='ocrx_word' id='word_1_431' title='bbox 427 5218 536 5274; x_wconf 89' lang='lat' dir='ltr'><strong>passum</strong></span> <span class='ocrx_word' id='word_1_432' title='bbox 550 5219 610 5260; x_wconf 84' lang='lat' dir='ltr'><strong>esse</strong></span> <span class='ocrx_word' id='word_1_433' title='bbox 624 5218 675 5276; x_wconf 92' lang='lat' dir='ltr'><strong>pro</strong></span> <span class='ocrx_word' id='word_1_434' title='bbox 687 5203 774 5259; x_wconf 82' lang='lat' dir='ltr'><strong>nobis.</strong></span> <span class='ocrx_word' id='word_1_435' title='bbox 789 5204 853 5259; x_wconf 91' lang='lat' dir='ltr'><strong>ltem</strong></span> <span class='ocrx_word' id='word_1_436' title='bbox 866 5205 920 5260; x_wconf 92' lang='lat' dir='ltr'><strong>alio</strong></span> <span class='ocrx_word' id='word_1_437' title='bbox 932 5205 1011 5262; x_wconf 91' lang='lat' dir='ltr'><strong>loco:</strong></span> 
     </span>
     <span class='ocr_line' id='line_1_55' title="bbox 229 5290 1013 5366; baseline 0.005 -19"><span class='ocrx_word' id='word_1_438' title='bbox 229 5290 280 5348; x_wconf 82' lang='lat' dir='ltr'><strong>tttc</strong></span> <span class='ocrx_word' id='word_1_439' title='bbox 299 5291 369 5347; x_wconf 84' lang='lat' dir='ltr'><strong>Deus</strong></span> <span class='ocrx_word' id='word_1_440' title='bbox 389 5310 470 5359; x_wconf 87' lang='lat' dir='ltr'><strong>oreas,</strong></span> <span class='ocrx_word' id='word_1_441' title='bbox 492 5295 586 5366; x_wconf 89' lang='lat' dir='ltr'><strong>inquit,</strong></span> <span class='ocrx_word' id='word_1_442' title='bbox 606 5305 630 5350; x_wconf 89' lang='lat' dir='ltr'><strong>et</strong></span> <span class='ocrx_word' id='word_1_443' title='bbox 648 5312 699 5350; x_wconf 90' lang='lat' dir='ltr'><strong>non</strong></span> <span class='ocrx_word' id='word_1_444' title='bbox 712 5296 875 5352; x_wconf 80' lang='lat' dir='ltr'><strong>artiamhitur</strong></span> <span class='ocrx_word' id='word_1_445' title='bbox 897 5299 961 5353; x_wconf 87' lang='lat' dir='ltr'><strong>alter</strong></span> <span class='ocrx_word' id='word_1_446' title='bbox 978 5299 1013 5352; x_wconf 86' lang='lat' dir='ltr'><strong>ad</strong></span> 
     </span>
    </p>
   </div>
   <div class='ocr_carea' id='block_1_10' title="bbox 224 5425 1011 5788">
    <p class='ocr_par' dir='ltr' id='par_1_10' title="bbox 224 5425 1011 5788">
     <span class='ocr_line' id='line_1_56' title="bbox 259 5425 1011 5501; baseline 0.013 -25"><span class='ocrx_word' id='word_1_447' title='bbox 259 5425 295 5501; x_wconf 78' lang='lat' dir='ltr'><strong>(a)</strong></span> <span class='ocrx_word' id='word_1_448' title='bbox 306 5428 425 5477; x_wconf 89' lang='lat' dir='ltr'><strong>teremias</strong></span> <span class='ocrx_word' id='word_1_449' title='bbox 436 5429 537 5490; x_wconf 91' lang='lat' dir='ltr'><strong>primurn</strong></span> <span class='ocrx_word' id='word_1_450' title='bbox 549 5431 652 5482; x_wconf 91' lang='lat' dir='ltr'><strong>innotuit</strong></span> <span class='ocrx_word' id='word_1_451' title='bbox 672 5432 774 5493; x_wconf 81' lang='lat' dir='ltr'><strong>epistota</strong></span> <span class='ocrx_word' id='word_1_452' title='bbox 784 5446 856 5496; x_wconf 85' lang='lat' dir='ltr'><strong>quam</strong></span> <span class='ocrx_word' id='word_1_453' title='bbox 867 5435 963 5499; x_wconf 87' lang='lat' dir='ltr'><strong>scripsit</strong></span> <span class='ocrx_word' id='word_1_454' title='bbox 974 5436 1011 5486; x_wconf 90' lang='lat' dir='ltr'><strong>eis</strong></span> 
     </span>
     <span class='ocr_line' id='line_1_57' title="bbox 225 5487 1011 5596; baseline 0.011 -58"><span class='ocrx_word' id='word_1_455' title='bbox 225 5501 268 5596; x_wconf 54' lang='lat' dir='ltr'><strong>pra</strong></span> <span class='ocrx_word' id='word_1_456' title='bbox 281 5487 398 5553; x_wconf 75' lang='lat' dir='ltr'><strong>salpinae</strong></span> <span class='ocrx_word' id='word_1_457' title='bbox 411 5490 435 5538; x_wconf 92' lang='lat' dir='ltr'><strong>in</strong></span> <span class='ocrx_word' id='word_1_458' title='bbox 442 5492 578 5551; x_wconf 68' lang='lat' dir='ltr'><strong>capitivitate</strong></span> <span class='ocrx_word' id='word_1_459' title='bbox 589 5491 721 5554; x_wconf 82' lang='lat' dir='ltr'><strong>degebant.</strong></span> <span class='ocrx_word' id='word_1_460' title='bbox 741 5501 795 5544; x_wconf 78' lang='lat' dir='ltr'><strong>ttae</strong></span> <span class='ocrx_word' id='word_1_461' title='bbox 811 5495 911 5559; x_wconf 75' lang='lat' dir='ltr'><strong>Epistola</strong></span> <span class='ocrx_word' id='word_1_462' title='bbox 922 5498 1011 5559; x_wconf 88' lang='lat' dir='ltr'><strong>scripta</strong></span> 
     </span>
     <span class='ocr_line' id='line_1_58' title="bbox 236 5550 1010 5621; baseline 0.008 -20"><span class='ocrx_word' id='word_1_463' title='bbox 236 5551 272 5601; x_wconf 88' lang='lat' dir='ltr'><strong>uit</strong></span> <span class='ocrx_word' id='word_1_464' title='bbox 285 5550 404 5601; x_wconf 81' lang='grc' dir='ltr'><strong>ιιιιιο599</strong></span> <span class='ocrx_word' id='word_1_465' title='bbox 414 5557 472 5601; x_wconf 82' lang='lat' dir='ltr'><strong>ante</strong></span> <span class='ocrx_word' id='word_1_466' title='bbox 482 5551 700 5613; x_wconf 87' lang='lat' dir='ltr'><strong>cbristumnatum,</strong></span> <span class='ocrx_word' id='word_1_467' title='bbox 717 5555 761 5604; x_wconf 89' lang='lat' dir='ltr'><strong>sed</strong></span> <span class='ocrx_word' id='word_1_468' title='bbox 777 5557 826 5618; x_wconf 79' lang='lat' dir='ltr'><strong>jam</strong></span> <span class='ocrx_word' id='word_1_469' title='bbox 843 5557 1010 5621; x_wconf 87' lang='lat' dir='ltr'><strong>quindecimus</strong></span> 
     </span>
     <span class='ocr_line' id='line_1_59' title="bbox 225 5613 1010 5680; baseline 0.01 -19"><span class='ocrx_word' id='word_1_470' title='bbox 225 5622 302 5662; x_wconf 77' lang='lat' dir='ltr'><strong>aurius</strong></span> <span class='ocrx_word' id='word_1_471' title='bbox 312 5620 366 5663; x_wconf 84' lang='lat' dir='ltr'><strong>erac</strong></span> <span class='ocrx_word' id='word_1_472' title='bbox 377 5625 409 5662; x_wconf 82' lang='lat' dir='ltr'><strong>ex</strong></span> <span class='ocrx_word' id='word_1_473' title='bbox 425 5625 473 5676; x_wconf 83' lang='lat' dir='ltr'><strong>quo</strong></span> <span class='ocrx_word' id='word_1_474' title='bbox 483 5613 557 5662; x_wconf 87' lang='lat' dir='ltr'><strong>tostas</strong></span> <span class='ocrx_word' id='word_1_475' title='bbox 570 5615 717 5665; x_wconf 87' lang='lat' dir='ltr'><strong>occubuerat</strong></span> <span class='ocrx_word' id='word_1_476' title='bbox 734 5629 760 5664; x_wconf 93' lang='grc' dir='ltr'><strong>ιιι</strong></span> <span class='ocrx_word' id='word_1_477' title='bbox 775 5629 856 5680; x_wconf 82' lang='lat' dir='ltr'><strong>pugna</strong></span> <span class='ocrx_word' id='word_1_478' title='bbox 872 5626 955 5670; x_wconf 83' lang='lat' dir='ltr'><strong>eontra</strong></span> <span class='ocrx_word' id='word_1_479' title='bbox 965 5626 1010 5669; x_wconf 83' lang='lat' dir='ltr'><strong>tte·</strong></span> 
     </span>
     <span class='ocr_line' id='line_1_60' title="bbox 224 5671 1009 5746; baseline 0.017 -25"><span class='ocrx_word' id='word_1_480' title='bbox 224 5671 285 5722; x_wconf 83' lang='lat' dir='ltr'><strong>chao</strong></span> <span class='ocrx_word' id='word_1_481' title='bbox 295 5683 381 5736; x_wconf 81' lang='lat' dir='ltr'><strong>regern</strong></span> <span class='ocrx_word' id='word_1_482' title='bbox 393 5676 495 5738; x_wconf 73' lang='lat' dir='ltr'><strong>aegypti,</strong></span> <span class='ocrx_word' id='word_1_483' title='bbox 513 5686 603 5736; x_wconf 86' lang='lat' dir='ltr'><strong>nempe</strong></span> <span class='ocrx_word' id='word_1_484' title='bbox 618 5677 736 5726; x_wconf 81' lang='lat' dir='ltr'><strong>annethi</strong></span> <span class='ocrx_word' id='word_1_485' title='bbox 748 5690 755 5728; x_wconf 77' lang='grc' dir='ltr'><strong>ι</strong></span> <span class='ocrx_word' id='word_1_486' title='bbox 767 5685 792 5730; x_wconf 94' lang='lat' dir='ltr'><strong>et</strong></span> <span class='ocrx_word' id='word_1_487' title='bbox 803 5687 860 5733; x_wconf 86' lang='lat' dir='ltr'><strong>tunc</strong></span> <span class='ocrx_word' id='word_1_488' title='bbox 868 5681 1009 5746; x_wconf 80' lang='lat' dir='ltr'><strong>rnqumias</strong></span> 
     </span>
     <span class='ocr_line' id='line_1_61' title="bbox 226 5738 805 5788; baseline 0.012 -6"><span class='ocrx_word' id='word_1_489' title='bbox 226 5738 318 5786; x_wconf 76' lang='lat' dir='ltr'><strong>truens</strong></span> <span class='ocrx_word' id='word_1_490' title='bbox 328 5743 381 5786; x_wconf 86' lang='lat' dir='ltr'><strong>erat</strong></span> <span class='ocrx_word' id='word_1_491' title='bbox 392 5740 546 5788; x_wconf 83' lang='lat' dir='ltr'><strong>homanorum</strong></span> <span class='ocrx_word' id='word_1_492' title='bbox 557 5747 612 5788; x_wconf 81' lang='lat' dir='ltr'><strong>rex.</strong></span> <span class='ocrx_word' id='word_1_493' title='bbox 624 5741 740 5788; x_wconf 82' lang='lat' dir='ltr'><strong>tmeara.</strong></span> <span class='ocrx_word' id='word_1_494' title='bbox 802 5760 805 5764; x_wconf 95' lang='lat'>·</span> 
     </span>
    </p>
   </div>
   <div class='ocr_carea' id='block_1_11' title="bbox 1064 775 1859 3778">
    <p class='ocr_par' dir='ltr' id='par_1_11' title="bbox 1064 775 1859 2859">
     <span class='ocr_line' id='line_1_62' title="bbox 1072 775 1858 851; baseline 0.009 -20"><span class='ocrx_word' id='word_1_495' title='bbox 1072 775 1205 840; x_wconf 70' lang='lat' dir='ltr'><strong>ieremias,</strong></span> <span class='ocrx_word' id='word_1_496' title='bbox 1224 778 1269 832; x_wconf 86' lang='lat' dir='ltr'><strong>sed</strong></span> <span class='ocrx_word' id='word_1_497' title='bbox 1293 777 1386 833; x_wconf 72' lang='lat' dir='ltr'><strong>scribto</strong></span> <span class='ocrx_word' id='word_1_498' title='bbox 1405 779 1463 847; x_wconf 87' lang='lat' dir='ltr'><strong>ejus</strong></span> <span class='ocrx_word' id='word_1_499' title='bbox 1484 781 1639 847; x_wconf 90' lang='lat' dir='ltr'><strong>attribuunt,</strong></span> <span class='ocrx_word' id='word_1_500' title='bbox 1654 781 1699 851; x_wconf 83' lang='lat' dir='ltr'><strong>qni</strong></span> <span class='ocrx_word' id='word_1_501' title='bbox 1714 781 1858 838; x_wconf 87' lang='lat' dir='ltr'><strong>voenlratnr</strong></span> 
     </span>
     <span class='ocr_line' id='line_1_63' title="bbox 1073 865 1859 929; baseline 0.011 -9"><span class='ocrx_word' id='word_1_502' title='bbox 1073 865 1196 922; x_wconf 85' lang='lat' dir='ltr'><strong>Barueh:</strong></span> <span class='ocrx_word' id='word_1_503' title='bbox 1213 868 1260 922; x_wconf 87' lang='lat' dir='ltr'><strong>scd</strong></span> <span class='ocrx_word' id='word_1_504' title='bbox 1283 867 1404 924; x_wconf 64' lang='lat' dir='ltr'><strong>ieremias</strong></span> <span class='ocrx_word' id='word_1_505' title='bbox 1427 869 1586 926; x_wconf 86' lang='lat' dir='ltr'><strong>celebratius</strong></span> <span class='ocrx_word' id='word_1_506' title='bbox 1608 872 1729 928; x_wconf 89' lang='lat' dir='ltr'><strong>habetur.</strong></span> <span class='ocrx_word' id='word_1_507' title='bbox 1754 873 1859 929; x_wconf 78' lang='lat' dir='ltr'><strong>horsus</strong></span> 
     </span>
     <span class='ocr_line' id='line_1_64' title="bbox 1072 955 1858 1033; baseline 0.01 -23"><span class='ocrx_word' id='word_1_508' title='bbox 1072 955 1141 1012; x_wconf 90' lang='lat' dir='ltr'><strong>idem</strong></span> <span class='ocrx_word' id='word_1_509' title='bbox 1163 957 1290 1028; x_wconf 88' lang='lat' dir='ltr'><strong>propheto</strong></span> <span class='ocrx_word' id='word_1_510' title='bbox 1311 959 1344 1014; x_wconf 91' lang='lat' dir='ltr'><strong>de</strong></span> <span class='ocrx_word' id='word_1_511' title='bbox 1364 960 1438 1029; x_wconf 91' lang='lat' dir='ltr'><strong>ipso:</strong></span> <span class='ocrx_word' id='word_1_512' title='bbox 1454 959 1529 1026; x_wconf 81' lang='lat' dir='ltr'><strong>Ecce,</strong></span> <span class='ocrx_word' id='word_1_513' title='bbox 1551 964 1643 1033; x_wconf 86' lang='lat' dir='ltr'><strong>inquit,</strong></span> <span class='ocrx_word' id='word_1_514' title='bbox 1667 965 1720 1018; x_wconf 88' lang='lat' dir='ltr'><strong>dies</strong></span> <span class='ocrx_word' id='word_1_515' title='bbox 1743 966 1858 1033; x_wconf 83' lang='lat' dir='ltr'><strong>ueniant,</strong></span> 
     </span>
     <span class='ocr_line' id='line_1_65' title="bbox 1072 1047 1859 1124; baseline 0.01 -22"><span class='ocrx_word' id='word_1_516' title='bbox 1072 1048 1108 1102; x_wconf 84' lang='lat' dir='ltr'><strong>ait</strong></span> <span class='ocrx_word' id='word_1_517' title='bbox 1121 1047 1253 1111; x_wconf 85' lang='lat' dir='ltr'><strong>Danriaus,</strong></span> <span class='ocrx_word' id='word_1_518' title='bbox 1264 1060 1289 1104; x_wconf 86' lang='lat' dir='ltr'><strong>ct</strong></span> <span class='ocrx_word' id='word_1_519' title='bbox 1302 1051 1425 1106; x_wconf 79' lang='lat' dir='ltr'><strong>ruscitulo</strong></span> <span class='ocrx_word' id='word_1_520' title='bbox 1448 1052 1529 1106; x_wconf 79' lang='lat' dir='ltr'><strong>traam</strong></span> <span class='ocrx_word' id='word_1_521' title='bbox 1541 1071 1642 1124; x_wconf 80' lang='lat' dir='ltr'><strong>permen</strong></span> <span class='ocrx_word' id='word_1_522' title='bbox 1651 1057 1761 1124; x_wconf 81' lang='lat' dir='ltr'><strong>justam,</strong></span> <span class='ocrx_word' id='word_1_523' title='bbox 1779 1067 1803 1109; x_wconf 86' lang='lat' dir='ltr'><strong>et</strong></span> <span class='ocrx_word' id='word_1_524' title='bbox 1816 1072 1859 1109; x_wconf 85' lang='lat' dir='ltr'><strong>rc·</strong></span> 
     </span>
     <span class='ocr_line' id='line_1_66' title="bbox 1070 1140 1858 1215; baseline 0.008 -22"><span class='ocrx_word' id='word_1_525' title='bbox 1070 1140 1157 1212; x_wconf 84' lang='lat' dir='ltr'><strong>gnahit</strong></span> <span class='ocrx_word' id='word_1_526' title='bbox 1177 1156 1231 1207; x_wconf 77' lang='lat' dir='ltr'><strong>rec,</strong></span> <span class='ocrx_word' id='word_1_527' title='bbox 1248 1150 1271 1194; x_wconf 87' lang='lat' dir='ltr'><strong>ct</strong></span> <span class='ocrx_word' id='word_1_528' title='bbox 1288 1143 1388 1211; x_wconf 85' lang='lat' dir='ltr'><strong>sapiens</strong></span> <span class='ocrx_word' id='word_1_529' title='bbox 1402 1143 1457 1204; x_wconf 83' lang='lat' dir='ltr'><strong>erit,</strong></span> <span class='ocrx_word' id='word_1_530' title='bbox 1471 1153 1495 1197; x_wconf 89' lang='lat' dir='ltr'><strong>et</strong></span> <span class='ocrx_word' id='word_1_531' title='bbox 1513 1144 1587 1214; x_wconf 74' lang='lat' dir='ltr'><strong>sorim</strong></span> <span class='ocrx_word' id='word_1_532' title='bbox 1596 1145 1722 1215; x_wconf 78' lang='lat' dir='ltr'><strong>judiciam</strong></span> <span class='ocrx_word' id='word_1_533' title='bbox 1743 1155 1766 1199; x_wconf 83' lang='lat' dir='ltr'><strong>et</strong></span> <span class='ocrx_word' id='word_1_534' title='bbox 1775 1147 1858 1215; x_wconf 83' lang='lat' dir='ltr'><strong>justi·</strong></span> 
     </span>
     <span class='ocr_line' id='line_1_67' title="bbox 1071 1229 1859 1300; baseline 0.013 -19"><span class='ocrx_word' id='word_1_535' title='bbox 1071 1229 1132 1283; x_wconf 88' lang='lat' dir='ltr'><strong>tiam</strong></span> <span class='ocrx_word' id='word_1_536' title='bbox 1142 1229 1168 1282; x_wconf 95' lang='lat' dir='ltr'><strong>in</strong></span> <span class='ocrx_word' id='word_1_537' title='bbox 1179 1239 1257 1284; x_wconf 86' lang='lat' dir='ltr'><strong>terra.</strong></span> <span class='ocrx_word' id='word_1_538' title='bbox 1277 1229 1309 1285; x_wconf 92' lang='lat' dir='ltr'><strong>lrr</strong></span> <span class='ocrx_word' id='word_1_539' title='bbox 1327 1232 1412 1287; x_wconf 83' lang='lat' dir='ltr'><strong>diebus</strong></span> <span class='ocrx_word' id='word_1_540' title='bbox 1424 1232 1474 1287; x_wconf 88' lang='lat' dir='ltr'><strong>iliis</strong></span> <span class='ocrx_word' id='word_1_541' title='bbox 1487 1233 1624 1289; x_wconf 83' lang='lat' dir='ltr'><strong>salvabitur</strong></span> <span class='ocrx_word' id='word_1_542' title='bbox 1637 1235 1717 1300; x_wconf 79' lang='lat' dir='ltr'><strong>iuda,</strong></span> <span class='ocrx_word' id='word_1_543' title='bbox 1731 1245 1756 1291; x_wconf 88' lang='lat' dir='ltr'><strong>et</strong></span> <span class='ocrx_word' id='word_1_544' title='bbox 1774 1235 1859 1291; x_wconf 77' lang='lat' dir='ltr'><strong>lornei</strong></span> 
     </span>
     <span class='ocr_line' id='line_1_68' title="bbox 1071 1319 1857 1394; baseline 0.014 -24"><span class='ocrx_word' id='word_1_545' title='bbox 1071 1319 1190 1374; x_wconf 75' lang='lat' dir='ltr'><strong>habitabit</strong></span> <span class='ocrx_word' id='word_1_546' title='bbox 1210 1321 1361 1391; x_wconf 76' lang='lat' dir='ltr'><strong>confidenter</strong></span> <span class='ocrx_word' id='word_1_547' title='bbox 1374 1339 1383 1377; x_wconf 92' lang='lat'><em>:</em></span> <span class='ocrx_word' id='word_1_548' title='bbox 1395 1332 1418 1377; x_wconf 88' lang='lat' dir='ltr'><strong>et</strong></span> <span class='ocrx_word' id='word_1_549' title='bbox 1433 1324 1480 1378; x_wconf 92' lang='lat' dir='ltr'><strong>hoc</strong></span> <span class='ocrx_word' id='word_1_550' title='bbox 1494 1335 1530 1379; x_wconf 89' lang='lat' dir='ltr'><strong>est</strong></span> <span class='ocrx_word' id='word_1_551' title='bbox 1544 1342 1633 1380; x_wconf 88' lang='lat' dir='ltr'><strong>nomen</strong></span> <span class='ocrx_word' id='word_1_552' title='bbox 1651 1326 1719 1394; x_wconf 83' lang='lat' dir='ltr'><strong>qnod</strong></span> <span class='ocrx_word' id='word_1_553' title='bbox 1732 1327 1857 1381; x_wconf 84' lang='lat' dir='ltr'><strong>nocebant</strong></span> 
     </span>
     <span class='ocr_line' id='line_1_69' title="bbox 1070 1408 1858 1488; baseline 0.013 -25"><span class='ocrx_word' id='word_1_554' title='bbox 1070 1425 1136 1474; x_wconf 87' lang='lat' dir='ltr'><strong>cunr,</strong></span> <span class='ocrx_word' id='word_1_555' title='bbox 1157 1408 1280 1465; x_wconf 87' lang='lat' dir='ltr'><strong>Dominus</strong></span> <span class='ocrx_word' id='word_1_556' title='bbox 1289 1413 1375 1482; x_wconf 77' lang='lat' dir='ltr'><strong>justas</strong></span> <span class='ocrx_word' id='word_1_557' title='bbox 1396 1422 1479 1467; x_wconf 85' lang='lat' dir='ltr'><strong>noster</strong></span> <span class='ocrx_word' id='word_1_558' title='bbox 1492 1412 1595 1487; x_wconf 77' lang='lat' dir='ltr'><strong>(ierem.</strong></span> <span class='ocrx_word' id='word_1_559' title='bbox 1619 1432 1694 1480; x_wconf 76' lang='lat' dir='ltr'><strong>xant,</strong></span> <span class='ocrx_word' id='word_1_560' title='bbox 1717 1417 1745 1484; x_wconf 83' lang='lat'><strong>5,</strong></span> <span class='ocrx_word' id='word_1_561' title='bbox 1759 1415 1798 1488; x_wconf 87' lang='grc'><strong>6).</strong></span> <span class='ocrx_word' id='word_1_562' title='bbox 1819 1418 1858 1472; x_wconf 82' lang='lat' dir='ltr'><strong>llo</strong></span> 
     </span>
     <span class='ocr_line' id='line_1_70' title="bbox 1069 1504 1856 1581; baseline 0.013 -25"><span class='ocrx_word' id='word_1_563' title='bbox 1069 1504 1207 1558; x_wconf 80' lang='lat' dir='ltr'><strong>roratione</strong></span> <span class='ocrx_word' id='word_1_564' title='bbox 1221 1504 1300 1559; x_wconf 89' lang='lat' dir='ltr'><strong>etiam</strong></span> <span class='ocrx_word' id='word_1_565' title='bbox 1312 1506 1439 1576; x_wconf 89' lang='lat' dir='ltr'><strong>gentiam,</strong></span> <span class='ocrx_word' id='word_1_566' title='bbox 1453 1521 1513 1578; x_wconf 87' lang='lat' dir='ltr'><strong>qtrae</strong></span> <span class='ocrx_word' id='word_1_567' title='bbox 1539 1507 1623 1564; x_wconf 86' lang='lat' dir='ltr'><strong>iuerat</strong></span> <span class='ocrx_word' id='word_1_568' title='bbox 1637 1508 1722 1564; x_wconf 85' lang='lat' dir='ltr'><strong>latura</strong></span> <span class='ocrx_word' id='word_1_569' title='bbox 1743 1507 1781 1581; x_wconf 91' lang='lat' dir='ltr'><strong>(et</strong></span> <span class='ocrx_word' id='word_1_570' title='bbox 1795 1524 1856 1566; x_wconf 90' lang='lat' dir='ltr'><strong>eam</strong></span> 
     </span>
     <span class='ocr_line' id='line_1_71' title="bbox 1069 1595 1855 1668; baseline 0.009 -19"><span class='ocrx_word' id='word_1_571' title='bbox 1069 1610 1140 1651; x_wconf 89' lang='lat' dir='ltr'><strong>nnnc</strong></span> <span class='ocrx_word' id='word_1_572' title='bbox 1160 1595 1293 1666; x_wconf 90' lang='lat' dir='ltr'><strong>impletam</strong></span> <span class='ocrx_word' id='word_1_573' title='bbox 1312 1599 1457 1667; x_wconf 81' lang='lat' dir='ltr'><strong>cernimus)</strong></span> <span class='ocrx_word' id='word_1_574' title='bbox 1479 1599 1518 1654; x_wconf 90' lang='lat' dir='ltr'><strong>sic</strong></span> <span class='ocrx_word' id='word_1_575' title='bbox 1537 1600 1639 1655; x_wconf 90' lang='lat' dir='ltr'><strong>loeutus</strong></span> <span class='ocrx_word' id='word_1_576' title='bbox 1659 1611 1720 1657; x_wconf 86' lang='lat' dir='ltr'><strong>est:</strong></span> <span class='ocrx_word' id='word_1_577' title='bbox 1735 1600 1855 1668; x_wconf 82' lang='lat' dir='ltr'><strong>Dorrrinc,</strong></span> 
     </span>
     <span class='ocr_line' id='line_1_72' title="bbox 1069 1685 1856 1762; baseline 0.009 -22"><span class='ocrx_word' id='word_1_578' title='bbox 1069 1685 1137 1741; x_wconf 82' lang='lat' dir='ltr'><strong>Dens</strong></span> <span class='ocrx_word' id='word_1_579' title='bbox 1155 1704 1224 1742; x_wconf 82' lang='lat' dir='ltr'><strong>naeus</strong></span> <span class='ocrx_word' id='word_1_580' title='bbox 1237 1697 1261 1742; x_wconf 88' lang='lat' dir='ltr'><strong>ct</strong></span> <span class='ocrx_word' id='word_1_581' title='bbox 1280 1690 1405 1760; x_wconf 70' lang='lat' dir='ltr'><strong>refugiant</strong></span> <span class='ocrx_word' id='word_1_582' title='bbox 1427 1706 1509 1744; x_wconf 90' lang='lat' dir='ltr'><strong>mcum</strong></span> <span class='ocrx_word' id='word_1_583' title='bbox 1526 1692 1552 1745; x_wconf 91' lang='lat' dir='ltr'><strong>in</strong></span> <span class='ocrx_word' id='word_1_584' title='bbox 1571 1692 1612 1746; x_wconf 88' lang='lat' dir='ltr'><strong>die</strong></span> <span class='ocrx_word' id='word_1_585' title='bbox 1630 1694 1767 1762; x_wconf 85' lang='lat' dir='ltr'><strong>oratorum,</strong></span> <span class='ocrx_word' id='word_1_586' title='bbox 1783 1694 1819 1747; x_wconf 87' lang='lat' dir='ltr'><strong>ad</strong></span> <span class='ocrx_word' id='word_1_587' title='bbox 1832 1704 1856 1749; x_wconf 87' lang='lat' dir='ltr'><strong>tc</strong></span> 
     </span>
     <span class='ocr_line' id='line_1_73' title="bbox 1068 1781 1856 1850; baseline 0.008 -17"><span class='ocrx_word' id='word_1_588' title='bbox 1068 1790 1152 1850; x_wconf 80' lang='lat' dir='ltr'><strong>pentes</strong></span> <span class='ocrx_word' id='word_1_589' title='bbox 1165 1781 1262 1835; x_wconf 86' lang='lat' dir='ltr'><strong>uenient</strong></span> <span class='ocrx_word' id='word_1_590' title='bbox 1278 1781 1309 1835; x_wconf 85' lang='lat' dir='ltr'><strong>ab</strong></span> <span class='ocrx_word' id='word_1_591' title='bbox 1319 1790 1429 1836; x_wconf 77' lang='lat' dir='ltr'><strong>extrema</strong></span> <span class='ocrx_word' id='word_1_592' title='bbox 1446 1792 1527 1846; x_wconf 80' lang='lat' dir='ltr'><strong>terre,</strong></span> <span class='ocrx_word' id='word_1_593' title='bbox 1541 1792 1565 1837; x_wconf 91' lang='lat' dir='ltr'><strong>et</strong></span> <span class='ocrx_word' id='word_1_594' title='bbox 1576 1783 1658 1839; x_wconf 85' lang='lat' dir='ltr'><strong>dicent</strong></span> <span class='ocrx_word' id='word_1_595' title='bbox 1673 1801 1683 1838; x_wconf 93' lang='lat'><strong>.·</strong></span> <span class='ocrx_word' id='word_1_596' title='bbox 1700 1783 1765 1839; x_wconf 82' lang='lat' dir='ltr'><strong>l&#39;crc</strong></span> <span class='ocrx_word' id='word_1_597' title='bbox 1782 1802 1856 1840; x_wconf 88' lang='lat' dir='ltr'><strong>rnen·</strong></span> 
     </span>
     <span class='ocr_line' id='line_1_74' title="bbox 1069 1867 1855 1941; baseline 0.011 -20"><span class='ocrx_word' id='word_1_598' title='bbox 1069 1867 1143 1922; x_wconf 86' lang='lat' dir='ltr'><strong>daria</strong></span> <span class='ocrx_word' id='word_1_599' title='bbox 1158 1870 1287 1924; x_wconf 85' lang='lat' dir='ltr'><strong>coluerant</strong></span> <span class='ocrx_word' id='word_1_600' title='bbox 1304 1880 1387 1941; x_wconf 88' lang='lat' dir='ltr'><strong>potres</strong></span> <span class='ocrx_word' id='word_1_601' title='bbox 1408 1873 1488 1925; x_wconf 88' lang='lat' dir='ltr'><strong>nostri</strong></span> <span class='ocrx_word' id='word_1_602' title='bbox 1504 1873 1648 1939; x_wconf 89' lang='lat' dir='ltr'><strong>sirrralacro,</strong></span> <span class='ocrx_word' id='word_1_603' title='bbox 1670 1884 1695 1929; x_wconf 92' lang='lat' dir='ltr'><strong>et</strong></span> <span class='ocrx_word' id='word_1_604' title='bbox 1715 1892 1767 1929; x_wconf 88' lang='lat' dir='ltr'><strong>nort</strong></span> <span class='ocrx_word' id='word_1_605' title='bbox 1779 1886 1816 1929; x_wconf 88' lang='lat' dir='ltr'><strong>cst</strong></span> <span class='ocrx_word' id='word_1_606' title='bbox 1829 1876 1855 1930; x_wconf 91' lang='lat' dir='ltr'><strong>iu</strong></span> 
     </span>
     <span class='ocr_line' id='line_1_75' title="bbox 1067 1960 1855 2035; baseline 0.015 -21"><span class='ocrx_word' id='word_1_607' title='bbox 1067 1960 1118 2016; x_wconf 84' lang='lat' dir='ltr'><strong>iliis</strong></span> <span class='ocrx_word' id='word_1_608' title='bbox 1137 1962 1293 2034; x_wconf 88' lang='lat' dir='ltr'><strong>atiiitor(1d.</strong></span> <span class='ocrx_word' id='word_1_609' title='bbox 1305 1981 1358 2031; x_wconf 83' lang='lat' dir='ltr'><strong>xri,</strong></span> <span class='ocrx_word' id='word_1_610' title='bbox 1374 1965 1428 2035; x_wconf 79' lang='lat' dir='ltr'><strong>tt).</strong></span> <span class='ocrx_word' id='word_1_611' title='bbox 1449 1965 1515 2032; x_wconf 84' lang='lat' dir='ltr'><strong>Quia</strong></span> <span class='ocrx_word' id='word_1_612' title='bbox 1536 1983 1599 2023; x_wconf 82' lang='lat' dir='ltr'><strong>acro</strong></span> <span class='ocrx_word' id='word_1_613' title='bbox 1624 1983 1676 2024; x_wconf 91' lang='lat' dir='ltr'><strong>non</strong></span> <span class='ocrx_word' id='word_1_614' title='bbox 1697 1978 1774 2025; x_wconf 86' lang='lat' dir='ltr'><strong>erant</strong></span> <span class='ocrx_word' id='word_1_615' title='bbox 1792 1986 1855 2027; x_wconf 84' lang='lat' dir='ltr'><strong>eum</strong></span> 
     </span>
     <span class='ocr_line' id='line_1_76' title="bbox 1067 2054 1855 2128; baseline 0.018 -22"><span class='ocrx_word' id='word_1_616' title='bbox 1067 2054 1179 2125; x_wconf 91' lang='lat' dir='ltr'><strong>agnituri</strong></span> <span class='ocrx_word' id='word_1_617' title='bbox 1187 2055 1282 2125; x_wconf 82' lang='lat' dir='ltr'><strong>Jndaei,</strong></span> <span class='ocrx_word' id='word_1_618' title='bbox 1295 2073 1309 2110; x_wconf 90' lang='lat' dir='ltr'><strong>a</strong></span> <span class='ocrx_word' id='word_1_619' title='bbox 1325 2057 1419 2126; x_wconf 72' lang='lat' dir='ltr'><strong>quibas·</strong></span> <span class='ocrx_word' id='word_1_620' title='bbox 1434 2073 1494 2112; x_wconf 92' lang='lat' dir='ltr'><strong>enm</strong></span> <span class='ocrx_word' id='word_1_621' title='bbox 1509 2068 1536 2113; x_wconf 91' lang='lat' dir='ltr'><strong>et</strong></span> <span class='ocrx_word' id='word_1_622' title='bbox 1551 2061 1636 2115; x_wconf 90' lang='lat' dir='ltr'><strong>occidi</strong></span> <span class='ocrx_word' id='word_1_623' title='bbox 1648 2062 1799 2128; x_wconf 88' lang='lat' dir='ltr'><strong>oportebat,</strong></span> <span class='ocrx_word' id='word_1_624' title='bbox 1815 2064 1855 2121; x_wconf 85' lang='lat' dir='ltr'><strong>sie</strong></span> 
     </span>
     <span class='ocr_line' id='line_1_77' title="bbox 1068 2143 1854 2224; baseline 0.017 -26"><span class='ocrx_word' id='word_1_625' title='bbox 1068 2143 1137 2200; x_wconf 88' lang='lat' dir='ltr'><strong>idem</strong></span> <span class='ocrx_word' id='word_1_626' title='bbox 1161 2147 1288 2216; x_wconf 89' lang='lat' dir='ltr'><strong>propheta</strong></span> <span class='ocrx_word' id='word_1_627' title='bbox 1314 2148 1557 2220; x_wconf 72' lang='lat' dir='ltr'><strong>signidortziimae</strong></span> <span class='ocrx_word' id='word_1_628' title='bbox 1579 2168 1623 2206; x_wconf 87' lang='lat' dir='ltr'><strong>cor</strong></span> <span class='ocrx_word' id='word_1_629' title='bbox 1644 2171 1689 2224; x_wconf 88' lang='lat' dir='ltr'><strong>per</strong></span> <span class='ocrx_word' id='word_1_630' title='bbox 1706 2156 1807 2218; x_wconf 74' lang='lat' dir='ltr'><strong>&#39;annum</strong></span> <span class='ocrx_word' id='word_1_631' title='bbox 1830 2169 1854 2211; x_wconf 89' lang='lat' dir='ltr'><strong>et</strong></span> 
     </span>
     <span class='ocr_line' id='line_1_78' title="bbox 1067 2234 1853 2315; baseline 0.017 -26"><span class='ocrx_word' id='word_1_632' title='bbox 1067 2234 1192 2301; x_wconf 77' lang='lat' dir='ltr'><strong>hernorst,</strong></span> <span class='ocrx_word' id='word_1_633' title='bbox 1204 2238 1427 2310; x_wconf 81' lang='lat' dir='ltr'><strong>etquiscopnorcet</strong></span> <span class='ocrx_word' id='word_1_634' title='bbox 1437 2241 1555 2314; x_wconf 87' lang='lat' dir='ltr'><strong>eurrr(ld.</strong></span> <span class='ocrx_word' id='word_1_635' title='bbox 1565 2259 1630 2305; x_wconf 82' lang='lat' dir='ltr'><strong>xvn.</strong></span> <span class='ocrx_word' id='word_1_636' title='bbox 1643 2245 1670 2308; x_wconf 89' lang='grc'><strong>9,</strong></span> <span class='ocrx_word' id='word_1_637' title='bbox 1686 2261 1736 2299; x_wconf 88' lang='lat' dir='ltr'><strong>rec.</strong></span> <span class='ocrx_word' id='word_1_638' title='bbox 1753 2244 1853 2315; x_wconf 77' lang='lat' dir='ltr'><strong>Llllili</strong></span> 
     </span>
     <span class='ocr_line' id='line_1_79' title="bbox 1067 2327 1853 2406; baseline 0.011 -23"><span class='ocrx_word' id='word_1_639' title='bbox 1067 2327 1150 2396; x_wconf 88' lang='lat' dir='ltr'><strong>llnjns</strong></span> <span class='ocrx_word' id='word_1_640' title='bbox 1165 2337 1206 2383; x_wconf 82' lang='lat' dir='ltr'><strong>est</strong></span> <span class='ocrx_word' id='word_1_641' title='bbox 1224 2330 1303 2385; x_wconf 90' lang='lat' dir='ltr'><strong>etiam</strong></span> <span class='ocrx_word' id='word_1_642' title='bbox 1320 2331 1384 2386; x_wconf 92' lang='lat' dir='ltr'><strong>illnd</strong></span> <span class='ocrx_word' id='word_1_643' title='bbox 1397 2331 1469 2401; x_wconf 84' lang='lat' dir='ltr'><strong>quod</strong></span> <span class='ocrx_word' id='word_1_644' title='bbox 1488 2333 1514 2387; x_wconf 93' lang='lat' dir='ltr'><strong>in</strong></span> <span class='ocrx_word' id='word_1_645' title='bbox 1531 2333 1597 2389; x_wconf 90' lang='lat' dir='ltr'><strong>libro</strong></span> <span class='ocrx_word' id='word_1_646' title='bbox 1613 2333 1717 2390; x_wconf 88' lang='lat' dir='ltr'><strong>decimo</strong></span> <span class='ocrx_word' id='word_1_647' title='bbox 1739 2337 1853 2406; x_wconf 83' lang='lat' dir='ltr'><strong>septimo</strong></span> 
     </span>
     <span class='ocr_line' id='line_1_80' title="bbox 1066 2420 1853 2497; baseline 0.013 -23"><span class='ocrx_word' id='word_1_648' title='bbox 1066 2421 1140 2491; x_wconf 92' lang='lat' dir='ltr'><strong>posui</strong></span> <span class='ocrx_word' id='word_1_649' title='bbox 1154 2421 1188 2476; x_wconf 94' lang='lat' dir='ltr'><strong>de</strong></span> <span class='ocrx_word' id='word_1_650' title='bbox 1200 2420 1370 2477; x_wconf 85' lang='lat' dir='ltr'><strong>Testamenta</strong></span> <span class='ocrx_word' id='word_1_651' title='bbox 1381 2438 1449 2477; x_wconf 90' lang='lat' dir='ltr'><strong>novo</strong></span> <span class='ocrx_word' id='word_1_652' title='bbox 1461 2423 1537 2494; x_wconf 85' lang='lat' dir='ltr'><strong>(Cap.</strong></span> <span class='ocrx_word' id='word_1_653' title='bbox 1552 2425 1591 2495; x_wconf 72' lang='grc' dir='ltr'><strong>ὅ),</strong></span> <span class='ocrx_word' id='word_1_654' title='bbox 1607 2427 1682 2497; x_wconf 73' lang='lat' dir='ltr'><strong>cuins</strong></span> <span class='ocrx_word' id='word_1_655' title='bbox 1694 2436 1735 2482; x_wconf 88' lang='lat' dir='ltr'><strong>est</strong></span> <span class='ocrx_word' id='word_1_656' title='bbox 1751 2430 1853 2484; x_wconf 84' lang='lat' dir='ltr'><strong>media-</strong></span> 
     </span>
     <span class='ocr_line' id='line_1_81' title="bbox 1066 2509 1853 2583; baseline 0.011 -19"><span class='ocrx_word' id='word_1_657' title='bbox 1066 2518 1108 2564; x_wconf 89' lang='lat' dir='ltr'><strong>tor</strong></span> <span class='ocrx_word' id='word_1_658' title='bbox 1119 2509 1250 2565; x_wconf 80' lang='lat' dir='ltr'><strong>Chr-istas.</strong></span> <span class='ocrx_word' id='word_1_659' title='bbox 1269 2511 1328 2580; x_wconf 91' lang='lat' dir='ltr'><strong>lpse</strong></span> <span class='ocrx_word' id='word_1_660' title='bbox 1346 2512 1444 2583; x_wconf 82' lang='lat' dir='ltr'><strong>qnippe</strong></span> <span class='ocrx_word' id='word_1_661' title='bbox 1457 2513 1586 2569; x_wconf 83' lang='lat' dir='ltr'><strong>ieremias</strong></span> <span class='ocrx_word' id='word_1_662' title='bbox 1601 2516 1648 2582; x_wconf 88' lang='lat' dir='ltr'><strong>ait,</strong></span> <span class='ocrx_word' id='word_1_663' title='bbox 1663 2516 1729 2571; x_wconf 82' lang='lat' dir='ltr'><strong>Ecce</strong></span> <span class='ocrx_word' id='word_1_664' title='bbox 1741 2519 1795 2572; x_wconf 86' lang='lat' dir='ltr'><strong>dier</strong></span> <span class='ocrx_word' id='word_1_665' title='bbox 1810 2536 1853 2572; x_wconf 87' lang='lat' dir='ltr'><strong>oe-</strong></span> 
     </span>
     <span class='ocr_line' id='line_1_82' title="bbox 1065 2602 1853 2678; baseline 0.01 -23"><span class='ocrx_word' id='word_1_666' title='bbox 1065 2602 1146 2664; x_wconf 79' lang='lat' dir='ltr'><strong>munt,</strong></span> <span class='ocrx_word' id='word_1_667' title='bbox 1159 2603 1218 2657; x_wconf 86' lang='lat' dir='ltr'><strong>dicit</strong></span> <span class='ocrx_word' id='word_1_668' title='bbox 1229 2602 1363 2670; x_wconf 85' lang='lat' dir='ltr'><strong>Dominus,</strong></span> <span class='ocrx_word' id='word_1_669' title='bbox 1379 2614 1400 2658; x_wconf 90' lang='lat' dir='ltr'><strong>et</strong></span> <span class='ocrx_word' id='word_1_670' title='bbox 1411 2608 1587 2661; x_wconf 85' lang='lat' dir='ltr'><strong>consummabo</strong></span> <span class='ocrx_word' id='word_1_671' title='bbox 1599 2624 1675 2678; x_wconf 88' lang='lat' dir='ltr'><strong>saper</strong></span> <span class='ocrx_word' id='word_1_672' title='bbox 1689 2610 1792 2663; x_wconf 84' lang='lat' dir='ltr'><strong>domam</strong></span> <span class='ocrx_word' id='word_1_673' title='bbox 1806 2609 1853 2664; x_wconf 78' lang='lat' dir='ltr'><strong>tu-</strong></span> 
     </span>
     <span class='ocr_line' id='line_1_83' title="bbox 1065 2693 1852 2771; baseline 0.011 -22"><span class='ocrx_word' id='word_1_674' title='bbox 1065 2695 1110 2750; x_wconf 84' lang='lat' dir='ltr'><strong>coi</strong></span> <span class='ocrx_word' id='word_1_675' title='bbox 1122 2693 1308 2751; x_wconf 75' lang='lat' dir='ltr'><strong>Testamentum</strong></span> <span class='ocrx_word' id='word_1_676' title='bbox 1322 2713 1412 2752; x_wconf 88' lang='lat' dir='ltr'><strong>nonam</strong></span> <span class='ocrx_word' id='word_1_677' title='bbox 1426 2698 1532 2770; x_wconf 78' lang='lat' dir='ltr'><strong>(ianm.</strong></span> <span class='ocrx_word' id='word_1_678' title='bbox 1545 2716 1619 2767; x_wconf 83' lang='lat' dir='ltr'><strong>xsxr,</strong></span> <span class='ocrx_word' id='word_1_679' title='bbox 1634 2702 1691 2771; x_wconf 76' lang='lat' dir='ltr'><strong>tt),</strong></span> <span class='ocrx_word' id='word_1_680' title='bbox 1714 2713 1741 2758; x_wconf 87' lang='lat' dir='ltr'><strong>et</strong></span> <span class='ocrx_word' id='word_1_681' title='bbox 1755 2712 1852 2760; x_wconf 75' lang='lat' dir='ltr'><strong>catera</strong></span> 
     </span>
     <span class='ocr_line' id='line_1_84' title="bbox 1064 2786 1319 2859; baseline 0.008 -18"><span class='ocrx_word' id='word_1_682' title='bbox 1064 2803 1124 2859; x_wconf 83' lang='lat' dir='ltr'><strong>qam</strong></span> <span class='ocrx_word' id='word_1_683' title='bbox 1136 2787 1172 2842; x_wconf 95' lang='lat' dir='ltr'><strong>ibi</strong></span> <span class='ocrx_word' id='word_1_684' title='bbox 1186 2786 1319 2859; x_wconf 89' lang='lat' dir='ltr'><strong>leguntur.</strong></span> 
     </span>
    </p>

    <p class='ocr_par' dir='ltr' id='par_1_12' title="bbox 1064 2877 1853 3778">
     <span class='ocr_line' id='line_1_85' title="bbox 1103 2877 1852 2955; baseline 0.012 -23"><span class='ocrx_word' id='word_1_685' title='bbox 1103 2877 1131 2932; x_wconf 77' lang='lat'><strong>2.</strong></span> <span class='ocrx_word' id='word_1_686' title='bbox 1152 2879 1294 2949; x_wconf 79' lang='lat' dir='ltr'><strong>Sophonim</strong></span> <span class='ocrx_word' id='word_1_687' title='bbox 1315 2890 1403 2936; x_wconf 89' lang='lat' dir='ltr'><strong>autem</strong></span> <span class='ocrx_word' id='word_1_688' title='bbox 1425 2881 1570 2953; x_wconf 80' lang='lat' dir='ltr'><strong>propheta,</strong></span> <span class='ocrx_word' id='word_1_689' title='bbox 1588 2883 1632 2955; x_wconf 84' lang='lat' dir='ltr'><strong>qni</strong></span> <span class='ocrx_word' id='word_1_690' title='bbox 1654 2900 1714 2939; x_wconf 88' lang='lat' dir='ltr'><strong>curn</strong></span> <span class='ocrx_word' id='word_1_691' title='bbox 1736 2885 1852 2942; x_wconf 82' lang='lat' dir='ltr'><strong>ieremia</strong></span> 
     </span>
     <span class='ocr_line' id='line_1_86' title="bbox 1064 2972 1851 3048; baseline 0.005 -19"><span class='ocrx_word' id='word_1_692' title='bbox 1064 2972 1249 3042; x_wconf 83' lang='lat' dir='ltr'><strong>prophetabat,</strong></span> <span class='ocrx_word' id='word_1_693' title='bbox 1261 2972 1318 3029; x_wconf 82' lang='lat' dir='ltr'><strong>liae</strong></span> <span class='ocrx_word' id='word_1_694' title='bbox 1329 2974 1452 3044; x_wconf 84' lang='lat' dir='ltr'><strong>praedieta</strong></span> <span class='ocrx_word' id='word_1_695' title='bbox 1463 2974 1497 3031; x_wconf 91' lang='lat' dir='ltr'><strong>de</strong></span> <span class='ocrx_word' id='word_1_696' title='bbox 1506 2975 1612 3031; x_wconf 89' lang='lat' dir='ltr'><strong>Christo</strong></span> <span class='ocrx_word' id='word_1_697' title='bbox 1622 2976 1728 3033; x_wconf 91' lang='lat' dir='ltr'><strong>interim</strong></span> <span class='ocrx_word' id='word_1_698' title='bbox 1739 2993 1851 3048; x_wconf 90' lang='lat' dir='ltr'><strong>ponam:</strong></span> 
     </span>
     <span class='ocr_line' id='line_1_87' title="bbox 1065 3054 1850 3137; baseline 0.01 -18"><span class='ocrx_word' id='word_1_699' title='bbox 1065 3054 1192 3135; x_wconf 73' lang='lat' dir='ltr'><strong>Exspecta</strong></span> <span class='ocrx_word' id='word_1_700' title='bbox 1203 3081 1251 3132; x_wconf 89' lang='lat' dir='ltr'><strong>rnc,</strong></span> <span class='ocrx_word' id='word_1_701' title='bbox 1266 3065 1326 3120; x_wconf 90' lang='lat' dir='ltr'><strong>dicit</strong></span> <span class='ocrx_word' id='word_1_702' title='bbox 1337 3066 1472 3133; x_wconf 86' lang='lat' dir='ltr'><strong>Dominus,</strong></span> <span class='ocrx_word' id='word_1_703' title='bbox 1488 3069 1515 3123; x_wconf 93' lang='lat' dir='ltr'><strong>in</strong></span> <span class='ocrx_word' id='word_1_704' title='bbox 1525 3069 1566 3124; x_wconf 86' lang='lat' dir='ltr'><strong>die</strong></span> <span class='ocrx_word' id='word_1_705' title='bbox 1579 3071 1765 3126; x_wconf 86' lang='lat' dir='ltr'><strong>resurrectionis</strong></span> <span class='ocrx_word' id='word_1_706' title='bbox 1779 3088 1850 3137; x_wconf 83' lang='lat' dir='ltr'><strong>meae,</strong></span> 
     </span>
     <span class='ocr_line' id='line_1_88' title="bbox 1064 3155 1852 3234; baseline 0.009 -25"><span class='ocrx_word' id='word_1_707' title='bbox 1064 3155 1091 3209; x_wconf 94' lang='lat' dir='ltr'><strong>in</strong></span> <span class='ocrx_word' id='word_1_708' title='bbox 1101 3159 1213 3227; x_wconf 72' lang='lat' dir='ltr'><strong>[uturum</strong></span> <span class='ocrx_word' id='word_1_709' title='bbox 1227 3172 1236 3211; x_wconf 92' lang='lat'>:</span> <span class='ocrx_word' id='word_1_710' title='bbox 1247 3158 1438 3230; x_wconf 78' lang='lat' dir='ltr'><strong>quiujudicium</strong></span> <span class='ocrx_word' id='word_1_711' title='bbox 1452 3175 1545 3222; x_wconf 83' lang='lat' dir='ltr'><strong>orcam.</strong></span> <span class='ocrx_word' id='word_1_712' title='bbox 1556 3168 1584 3215; x_wconf 87' lang='lat' dir='ltr'><strong>ut</strong></span> <span class='ocrx_word' id='word_1_713' title='bbox 1597 3177 1745 3233; x_wconf 80' lang='lat' dir='ltr'><strong>congregem</strong></span> <span class='ocrx_word' id='word_1_714' title='bbox 1756 3173 1852 3234; x_wconf 79' lang='lat' dir='ltr'><strong>gentes,</strong></span> 
     </span>
     <span class='ocr_line' id='line_1_89' title="bbox 1065 3249 1852 3326; baseline 0.014 -25"><span class='ocrx_word' id='word_1_715' title='bbox 1065 3256 1088 3302; x_wconf 92' lang='lat' dir='ltr'><strong>ct</strong></span> <span class='ocrx_word' id='word_1_716' title='bbox 1104 3249 1222 3320; x_wconf 79' lang='lat' dir='ltr'><strong>colligum</strong></span> <span class='ocrx_word' id='word_1_717' title='bbox 1234 3266 1312 3322; x_wconf 83' lang='lat' dir='ltr'><strong>regnu</strong></span> <span class='ocrx_word' id='word_1_718' title='bbox 1330 3249 1457 3323; x_wconf 90' lang='lat' dir='ltr'><strong>(Sophon.</strong></span> <span class='ocrx_word' id='word_1_719' title='bbox 1469 3267 1509 3320; x_wconf 86' lang='grc' dir='ltr'><strong>ιιι,</strong></span> <span class='ocrx_word' id='word_1_720' title='bbox 1526 3251 1567 3326; x_wconf 88' lang='grc'><strong>8).</strong></span> <span class='ocrx_word' id='word_1_721' title='bbox 1581 3252 1616 3309; x_wconf 84' lang='grc' dir='ltr'><strong>Εῑ</strong></span> <span class='ocrx_word' id='word_1_722' title='bbox 1629 3254 1723 3311; x_wconf 90' lang='lat' dir='ltr'><strong>iterum</strong></span> <span class='ocrx_word' id='word_1_723' title='bbox 1737 3273 1744 3311; x_wconf 91' lang='lat'><strong>:</strong></span> <span class='ocrx_word' id='word_1_724' title='bbox 1758 3255 1852 3312; x_wconf 77' lang='lat' dir='ltr'><strong>aorn-</strong></span> 
     </span>
     <span class='ocr_line' id='line_1_90' title="bbox 1064 3340 1853 3415; baseline 0.013 -21"><span class='ocrx_word' id='word_1_725' title='bbox 1064 3340 1133 3407; x_wconf 87' lang='lat' dir='ltr'><strong>biiir,</strong></span> <span class='ocrx_word' id='word_1_726' title='bbox 1146 3341 1239 3413; x_wconf 87' lang='lat' dir='ltr'><strong>inquit.</strong></span> <span class='ocrx_word' id='word_1_727' title='bbox 1254 3341 1378 3399; x_wconf 80' lang='lat' dir='ltr'><strong>Dominus</strong></span> <span class='ocrx_word' id='word_1_728' title='bbox 1391 3360 1467 3415; x_wconf 85' lang='lat' dir='ltr'><strong>super</strong></span> <span class='ocrx_word' id='word_1_729' title='bbox 1480 3361 1533 3414; x_wconf 87' lang='lat' dir='ltr'><strong>cor,</strong></span> <span class='ocrx_word' id='word_1_730' title='bbox 1545 3355 1570 3401; x_wconf 89' lang='lat' dir='ltr'><strong>et</strong></span> <span class='ocrx_word' id='word_1_731' title='bbox 1581 3347 1753 3402; x_wconf 76' lang='lat' dir='ltr'><strong>exterminabit</strong></span> <span class='ocrx_word' id='word_1_732' title='bbox 1766 3365 1853 3405; x_wconf 84' lang='lat' dir='ltr'><strong>omnes</strong></span> 
     </span>
     <span class='ocr_line' id='line_1_91' title="bbox 1065 3431 1853 3507; baseline 0.015 -22"><span class='ocrx_word' id='word_1_733' title='bbox 1065 3431 1124 3487; x_wconf 84' lang='lat' dir='ltr'><strong>deor</strong></span> <span class='ocrx_word' id='word_1_734' title='bbox 1139 3442 1227 3499; x_wconf 72' lang='lat' dir='ltr'><strong>terra:</strong></span> <span class='ocrx_word' id='word_1_735' title='bbox 1244 3444 1269 3490; x_wconf 90' lang='lat' dir='ltr'><strong>et</strong></span> <span class='ocrx_word' id='word_1_736' title='bbox 1279 3435 1393 3491; x_wconf 78' lang='lat' dir='ltr'><strong>adorabit</strong></span> <span class='ocrx_word' id='word_1_737' title='bbox 1407 3452 1464 3492; x_wconf 93' lang='lat' dir='ltr'><strong>eam</strong></span> <span class='ocrx_word' id='word_1_738' title='bbox 1475 3438 1513 3492; x_wconf 84' lang='lat' dir='ltr'><strong>nir</strong></span> <span class='ocrx_word' id='word_1_739' title='bbox 1527 3437 1559 3493; x_wconf 86' lang='lat' dir='ltr'><strong>de</strong></span> <span class='ocrx_word' id='word_1_740' title='bbox 1577 3438 1632 3494; x_wconf 86' lang='lat' dir='ltr'><strong>ioca</strong></span> <span class='ocrx_word' id='word_1_741' title='bbox 1643 3457 1699 3507; x_wconf 87' lang='lat' dir='ltr'><strong>ruo,</strong></span> <span class='ocrx_word' id='word_1_742' title='bbox 1715 3457 1801 3496; x_wconf 86' lang='lat' dir='ltr'><strong>omnes</strong></span> <span class='ocrx_word' id='word_1_743' title='bbox 1810 3443 1853 3496; x_wconf 90' lang='lat' dir='ltr'><strong>in-</strong></span> 
     </span>
     <span class='ocr_line' id='line_1_92' title="bbox 1065 3523 1852 3602; baseline 0.011 -24"><span class='ocrx_word' id='word_1_744' title='bbox 1065 3523 1128 3579; x_wconf 83' lang='lat' dir='ltr'><strong>sahe</strong></span> <span class='ocrx_word' id='word_1_745' title='bbox 1139 3526 1249 3596; x_wconf 79' lang='lat' dir='ltr'><strong>peritiam</strong></span> <span class='ocrx_word' id='word_1_746' title='bbox 1260 3525 1314 3597; x_wconf 88' lang='lat' dir='ltr'><strong>(ld.</strong></span> <span class='ocrx_word' id='word_1_747' title='bbox 1327 3542 1356 3591; x_wconf 92' lang='grc' dir='ltr'><strong>ιι,</strong></span> <span class='ocrx_word' id='word_1_748' title='bbox 1366 3526 1422 3599; x_wconf 80' lang='grc' dir='ltr'><strong>Η).</strong></span> <span class='ocrx_word' id='word_1_749' title='bbox 1434 3527 1469 3584; x_wconf 85' lang='lat' dir='ltr'><strong>Et</strong></span> <span class='ocrx_word' id='word_1_750' title='bbox 1480 3528 1646 3600; x_wconf 87' lang='lat' dir='ltr'><strong>paulopost:</strong></span> <span class='ocrx_word' id='word_1_751' title='bbox 1658 3529 1739 3598; x_wconf 84' lang='lat' dir='ltr'><strong>Tunc,</strong></span> <span class='ocrx_word' id='word_1_752' title='bbox 1755 3531 1852 3602; x_wconf 78' lang='lat' dir='ltr'><strong>inarsit,</strong></span> 
     </span>
     <span class='ocr_line' id='line_1_93' title="bbox 1065 3617 1851 3693; baseline 0.008 -24"><span class='ocrx_word' id='word_1_753' title='bbox 1065 3625 1229 3672; x_wconf 77' lang='lat' dir='ltr'><strong>transvertam</strong></span> <span class='ocrx_word' id='word_1_754' title='bbox 1246 3618 1272 3671; x_wconf 91' lang='lat' dir='ltr'><strong>in</strong></span> <span class='ocrx_word' id='word_1_755' title='bbox 1285 3617 1391 3689; x_wconf 88' lang='lat' dir='ltr'><strong>populos</strong></span> <span class='ocrx_word' id='word_1_756' title='bbox 1407 3620 1529 3690; x_wconf 74' lang='lat' dir='ltr'><strong>linquam,</strong></span> <span class='ocrx_word' id='word_1_757' title='bbox 1548 3632 1572 3675; x_wconf 89' lang='lat' dir='ltr'><strong>et</strong></span> <span class='ocrx_word' id='word_1_758' title='bbox 1583 3621 1610 3676; x_wconf 90' lang='lat' dir='ltr'><strong>in</strong></span> <span class='ocrx_word' id='word_1_759' title='bbox 1623 3621 1741 3692; x_wconf 77' lang='lat' dir='ltr'><strong>progenio</strong></span> <span class='ocrx_word' id='word_1_760' title='bbox 1768 3623 1851 3693; x_wconf 81' lang='lat' dir='ltr'><strong>ejus¹,</strong></span> 
     </span>
     <span class='ocr_line' id='line_1_94' title="bbox 1065 3708 1852 3778; baseline 0.009 -18"><span class='ocrx_word' id='word_1_761' title='bbox 1065 3716 1092 3761; x_wconf 92' lang='lat' dir='ltr'><strong>ut</strong></span> <span class='ocrx_word' id='word_1_762' title='bbox 1102 3723 1187 3762; x_wconf 86' lang='lat' dir='ltr'><strong>omnes</strong></span> <span class='ocrx_word' id='word_1_763' title='bbox 1199 3708 1312 3762; x_wconf 85' lang='lat' dir='ltr'><strong>innocent</strong></span> <span class='ocrx_word' id='word_1_764' title='bbox 1325 3725 1416 3764; x_wconf 89' lang='lat' dir='ltr'><strong>nornen</strong></span> <span class='ocrx_word' id='word_1_765' title='bbox 1429 3708 1543 3778; x_wconf 85' lang='lat' dir='ltr'><strong>Domini,</strong></span> <span class='ocrx_word' id='word_1_766' title='bbox 1557 3720 1581 3766; x_wconf 90' lang='lat' dir='ltr'><strong>et</strong></span> <span class='ocrx_word' id='word_1_767' title='bbox 1589 3715 1696 3767; x_wconf 83' lang='lat' dir='ltr'><strong>serrium</strong></span> <span class='ocrx_word' id='word_1_768' title='bbox 1709 3712 1733 3766; x_wconf 90' lang='lat' dir='ltr'><strong>ci</strong></span> <span class='ocrx_word' id='word_1_769' title='bbox 1744 3714 1790 3767; x_wconf 85' lang='lat' dir='ltr'><strong>sab</strong></span> <span class='ocrx_word' id='word_1_770' title='bbox 1802 3730 1852 3767; x_wconf 87' lang='grc' dir='ltr'><strong>ιιιιο</strong></span> 
     </span>
    </p>
   </div>
   <div class='ocr_carea' id='block_1_12' title="bbox 1060 3799 1852 3878">
    <p class='ocr_par' dir='ltr' id='par_1_13' title="bbox 1060 3799 1852 3878">
     <span class='ocr_line' id='line_1_95' title="bbox 1060 3799 1852 3878; baseline 0.005 -26"><span class='ocrx_word' id='word_1_771' title='bbox 1060 3799 1146 3870; x_wconf 80' lang='lat' dir='ltr'><strong>jugo,·</strong></span> <span class='ocrx_word' id='word_1_772' title='bbox 1159 3815 1175 3852; x_wconf 85' lang='lat' dir='ltr'><strong>a</strong></span> <span class='ocrx_word' id='word_1_773' title='bbox 1189 3799 1280 3868; x_wconf 74' lang='lat' dir='ltr'><strong>finibus</strong></span> <span class='ocrx_word' id='word_1_774' title='bbox 1294 3801 1428 3870; x_wconf 74' lang='lat' dir='ltr'><strong>flaccinum</strong></span> <span class='ocrx_word' id='word_1_775' title='bbox 1446 3799 1586 3872; x_wconf 82' lang='lat' dir='ltr'><strong>AEtiriapioe</strong></span> <span class='ocrx_word' id='word_1_776' title='bbox 1605 3799 1710 3878; x_wconf 64' lang='lat' dir='ltr'><strong>offocat</strong></span> <span class='ocrx_word' id='word_1_777' title='bbox 1724 3803 1788 3856; x_wconf 88' lang='lat' dir='ltr'><strong>mihi</strong></span> <span class='ocrx_word' id='word_1_778' title='bbox 1804 3803 1852 3856; x_wconf 88' lang='lat' dir='ltr'><strong>ho·</strong></span> 
     </span>
    </p>
   </div>
   <div class='ocr_carea' id='block_1_13' title="bbox 1064 3888 1853 4956">
    <p class='ocr_par' dir='ltr' id='par_1_14' title="bbox 1064 3888 1853 4956">
     <span class='ocr_line' id='line_1_96' title="bbox 1064 3888 1851 3961; baseline 0.006 -18"><span class='ocrx_word' id='word_1_779' title='bbox 1064 3889 1136 3944; x_wconf 85' lang='lat' dir='ltr'><strong>stim.</strong></span> <span class='ocrx_word' id='word_1_780' title='bbox 1152 3888 1184 3944; x_wconf 85' lang='lat' dir='ltr'><strong>ln</strong></span> <span class='ocrx_word' id='word_1_781' title='bbox 1197 3891 1241 3945; x_wconf 87' lang='lat' dir='ltr'><strong>iiio</strong></span> <span class='ocrx_word' id='word_1_782' title='bbox 1256 3891 1296 3945; x_wconf 86' lang='lat' dir='ltr'><strong>die</strong></span> <span class='ocrx_word' id='word_1_783' title='bbox 1305 3908 1355 3946; x_wconf 88' lang='lat' dir='ltr'><strong>noa</strong></span> <span class='ocrx_word' id='word_1_784' title='bbox 1367 3892 1545 3961; x_wconf 68' lang='lat' dir='ltr'><strong>contunderis·</strong></span> <span class='ocrx_word' id='word_1_785' title='bbox 1562 3909 1594 3948; x_wconf 80' lang='lat' dir='ltr'><strong>ca</strong></span> <span class='ocrx_word' id='word_1_786' title='bbox 1604 3894 1717 3948; x_wconf 83' lang='lat' dir='ltr'><strong>omnihus</strong></span> <span class='ocrx_word' id='word_1_787' title='bbox 1728 3893 1851 3948; x_wconf 80' lang='lat' dir='ltr'><strong>adinven-</strong></span> 
     </span>
     <span class='ocr_line' id='line_1_97' title="bbox 1066 3981 1851 4056; baseline 0.005 -20"><span class='ocrx_word' id='word_1_788' title='bbox 1066 3981 1174 4037; x_wconf 84' lang='lat' dir='ltr'><strong>tionibus</strong></span> <span class='ocrx_word' id='word_1_789' title='bbox 1193 3983 1252 4050; x_wconf 90' lang='lat' dir='ltr'><strong>tuir‚</strong></span> <span class='ocrx_word' id='word_1_790' title='bbox 1265 4000 1327 4055; x_wconf 83' lang='lat' dir='ltr'><strong>qam</strong></span> <span class='ocrx_word' id='word_1_791' title='bbox 1344 3984 1420 4054; x_wconf 89' lang='lat' dir='ltr'><strong>impie</strong></span> <span class='ocrx_word' id='word_1_792' title='bbox 1433 3985 1504 4055; x_wconf 81' lang='lat' dir='ltr'><strong>egisti</strong></span> <span class='ocrx_word' id='word_1_793' title='bbox 1518 3984 1545 4039; x_wconf 91' lang='grc' dir='ltr'><strong>ιἰι</strong></span> <span class='ocrx_word' id='word_1_794' title='bbox 1563 4001 1603 4040; x_wconf 87' lang='lat' dir='ltr'><strong>rae</strong></span> <span class='ocrx_word' id='word_1_795' title='bbox 1613 4000 1622 4039; x_wconf 91' lang='lat'>:</span> <span class='ocrx_word' id='word_1_796' title='bbox 1632 3985 1691 4055; x_wconf 85' lang='lat' dir='ltr'><strong>qaia</strong></span> <span class='ocrx_word' id='word_1_797' title='bbox 1704 3995 1764 4041; x_wconf 90' lang='lat' dir='ltr'><strong>tunc</strong></span> <span class='ocrx_word' id='word_1_798' title='bbox 1777 3987 1851 4056; x_wconf 69' lang='lat' dir='ltr'><strong>auic-</strong></span> 
     </span>
     <span class='ocr_line' id='line_1_98' title="bbox 1065 4072 1851 4149; baseline 0.005 -23"><span class='ocrx_word' id='word_1_799' title='bbox 1065 4087 1121 4127; x_wconf 89' lang='lat' dir='ltr'><strong>ram</strong></span> <span class='ocrx_word' id='word_1_800' title='bbox 1132 4072 1177 4127; x_wconf 84' lang='lat' dir='ltr'><strong>ais</strong></span> <span class='ocrx_word' id='word_1_801' title='bbox 1195 4082 1219 4128; x_wconf 89' lang='lat' dir='ltr'><strong>te</strong></span> <span class='ocrx_word' id='word_1_802' title='bbox 1237 4073 1372 4143; x_wconf 78' lang='lat' dir='ltr'><strong>pravitates</strong></span> <span class='ocrx_word' id='word_1_803' title='bbox 1389 4075 1490 4145; x_wconf 79' lang='lat' dir='ltr'><strong>injuria</strong></span> <span class='ocrx_word' id='word_1_804' title='bbox 1502 4083 1570 4140; x_wconf 84' lang='lat' dir='ltr'><strong>tutc;</strong></span> <span class='ocrx_word' id='word_1_805' title='bbox 1583 4083 1606 4130; x_wconf 89' lang='lat' dir='ltr'><strong>et</strong></span> <span class='ocrx_word' id='word_1_806' title='bbox 1614 4075 1671 4147; x_wconf 82' lang='lat' dir='ltr'><strong>jana</strong></span> <span class='ocrx_word' id='word_1_807' title='bbox 1683 4092 1734 4130; x_wconf 86' lang='lat' dir='ltr'><strong>aon</strong></span> <span class='ocrx_word' id='word_1_808' title='bbox 1746 4077 1851 4149; x_wconf 75' lang='lat' dir='ltr'><strong>adjicies</strong></span> 
     </span>
     <span class='ocr_line' id='line_1_99' title="bbox 1065 4162 1853 4234; baseline 0.006 -19"><span class='ocrx_word' id='word_1_809' title='bbox 1065 4169 1093 4215; x_wconf 90' lang='lat' dir='ltr'><strong>ut</strong></span> <span class='ocrx_word' id='word_1_810' title='bbox 1102 4162 1268 4232; x_wconf 74' lang='lat' dir='ltr'><strong>magiripccris</strong></span> <span class='ocrx_word' id='word_1_811' title='bbox 1281 4178 1356 4234; x_wconf 88' lang='lat' dir='ltr'><strong>super</strong></span> <span class='ocrx_word' id='word_1_812' title='bbox 1368 4173 1477 4218; x_wconf 89' lang='lat' dir='ltr'><strong>montem</strong></span> <span class='ocrx_word' id='word_1_813' title='bbox 1488 4173 1603 4218; x_wconf 88' lang='lat' dir='ltr'><strong>sunctum</strong></span> <span class='ocrx_word' id='word_1_814' title='bbox 1618 4181 1701 4219; x_wconf 89' lang='lat' dir='ltr'><strong>mearn</strong></span> <span class='ocrx_word' id='word_1_815' title='bbox 1711 4181 1721 4219; x_wconf 91' lang='lat'><strong>.·</strong></span> <span class='ocrx_word' id='word_1_816' title='bbox 1732 4175 1756 4221; x_wconf 90' lang='lat' dir='ltr'><strong>et</strong></span> <span class='ocrx_word' id='word_1_817' title='bbox 1770 4167 1853 4220; x_wconf 85' lang='lat' dir='ltr'><strong>subre-</strong></span> 
     </span>
     <span class='ocr_line' id='line_1_100' title="bbox 1066 4253 1851 4326; baseline 0.005 -19"><span class='ocrx_word' id='word_1_818' title='bbox 1066 4253 1177 4326; x_wconf 77' lang='lat' dir='ltr'><strong>linquam</strong></span> <span class='ocrx_word' id='word_1_819' title='bbox 1191 4253 1217 4308; x_wconf 89' lang='lat' dir='ltr'><strong>in</strong></span> <span class='ocrx_word' id='word_1_820' title='bbox 1229 4264 1254 4308; x_wconf 88' lang='lat' dir='ltr'><strong>te</strong></span> <span class='ocrx_word' id='word_1_821' title='bbox 1273 4255 1395 4325; x_wconf 88' lang='lat' dir='ltr'><strong>popaiarn</strong></span> <span class='ocrx_word' id='word_1_822' title='bbox 1412 4264 1567 4309; x_wconf 87' lang='lat' dir='ltr'><strong>nrunsnctrrm</strong></span> <span class='ocrx_word' id='word_1_823' title='bbox 1581 4264 1605 4308; x_wconf 91' lang='lat' dir='ltr'><strong>et</strong></span> <span class='ocrx_word' id='word_1_824' title='bbox 1624 4255 1743 4310; x_wconf 89' lang='lat' dir='ltr'><strong>humilem</strong></span> <span class='ocrx_word' id='word_1_825' title='bbox 1750 4271 1762 4321; x_wconf 90' lang='lat'><strong>,·</strong></span> <span class='ocrx_word' id='word_1_826' title='bbox 1773 4267 1797 4311; x_wconf 92' lang='lat' dir='ltr'><strong>et</strong></span> <span class='ocrx_word' id='word_1_827' title='bbox 1809 4273 1851 4311; x_wconf 86' lang='lat' dir='ltr'><strong>vc·</strong></span> 
     </span>
     <span class='ocr_line' id='line_1_101' title="bbox 1065 4342 1852 4414; baseline -0.003 -15"><span class='ocrx_word' id='word_1_828' title='bbox 1065 4344 1184 4399; x_wconf 84' lang='lat' dir='ltr'><strong>rebantur</strong></span> <span class='ocrx_word' id='word_1_829' title='bbox 1202 4361 1218 4398; x_wconf 88' lang='lat' dir='ltr'><strong>o</strong></span> <span class='ocrx_word' id='word_1_830' title='bbox 1234 4344 1333 4398; x_wconf 87' lang='lat' dir='ltr'><strong>nonrine</strong></span> <span class='ocrx_word' id='word_1_831' title='bbox 1352 4342 1466 4410; x_wconf 85' lang='lat' dir='ltr'><strong>Domini,</strong></span> <span class='ocrx_word' id='word_1_832' title='bbox 1482 4345 1526 4413; x_wconf 80' lang='lat' dir='ltr'><strong>oui</strong></span> <span class='ocrx_word' id='word_1_833' title='bbox 1542 4345 1632 4414; x_wconf 80' lang='lat' dir='ltr'><strong>reliqui</strong></span> <span class='ocrx_word' id='word_1_834' title='bbox 1643 4345 1738 4414; x_wconf 74' lang='lat' dir='ltr'><strong>fuerint</strong></span> <span class='ocrx_word' id='word_1_835' title='bbox 1752 4344 1837 4400; x_wconf 81' lang='lat' dir='ltr'><strong>lsrael</strong></span> <span class='ocrx_word' id='word_1_836' title='bbox 1842 4346 1852 4377; x_wconf 77' lang='lat'>⁸</span> 
     </span>
     <span class='ocr_line' id='line_1_102' title="bbox 1066 4433 1851 4507; baseline 0 -18"><span class='ocrx_word' id='word_1_837' title='bbox 1066 4433 1122 4507; x_wconf 73' lang='lat' dir='ltr'><strong>(ld.</strong></span> <span class='ocrx_word' id='word_1_838' title='bbox 1135 4451 1173 4500; x_wconf 90' lang='lat' dir='ltr'><strong>nr,</strong></span> <span class='ocrx_word' id='word_1_839' title='bbox 1188 4433 1435 4504; x_wconf 68' lang='lat' dir='ltr'><strong>attrahit).</strong></span> <span class='ocrx_word' id='word_1_840' title='bbox 1451 4435 1498 4489; x_wconf 86' lang='lat' dir='ltr'><strong>llae</strong></span> <span class='ocrx_word' id='word_1_841' title='bbox 1518 4441 1580 4490; x_wconf 84' lang='lat' dir='ltr'><strong>sunt</strong></span> <span class='ocrx_word' id='word_1_842' title='bbox 1596 4434 1725 4505; x_wconf 78' lang='lat' dir='ltr'><strong>reltania,</strong></span> <span class='ocrx_word' id='word_1_843' title='bbox 1740 4435 1775 4492; x_wconf 85' lang='lat' dir='ltr'><strong>de</strong></span> <span class='ocrx_word' id='word_1_844' title='bbox 1790 4437 1851 4507; x_wconf 85' lang='lat' dir='ltr'><strong>qui·</strong></span> 
     </span>
     <span class='ocr_line' id='line_1_103' title="bbox 1065 4526 1852 4598; baseline -0.006 -14"><span class='ocrx_word' id='word_1_845' title='bbox 1065 4527 1188 4584; x_wconf 89' lang='lat' dir='ltr'><strong>busalibi</strong></span> <span class='ocrx_word' id='word_1_846' title='bbox 1204 4528 1384 4598; x_wconf 78' lang='lat' dir='ltr'><strong>prophetatur,</strong></span> <span class='ocrx_word' id='word_1_847' title='bbox 1398 4526 1469 4598; x_wconf 80' lang='lat' dir='ltr'><strong>qnod</strong></span> <span class='ocrx_word' id='word_1_848' title='bbox 1484 4528 1627 4596; x_wconf 78' lang='lat' dir='ltr'><strong>Apostolus</strong></span> <span class='ocrx_word' id='word_1_849' title='bbox 1637 4528 1717 4584; x_wconf 87' lang='lat' dir='ltr'><strong>etiam</strong></span> <span class='ocrx_word' id='word_1_850' title='bbox 1732 4543 1852 4585; x_wconf 85' lang='lat' dir='ltr'><strong>commn-</strong></span> 
     </span>
     <span class='ocr_line' id='line_1_104' title="bbox 1066 4618 1852 4690; baseline 0.003 -15"><span class='ocrx_word' id='word_1_851' title='bbox 1066 4631 1173 4675; x_wconf 90' lang='lat' dir='ltr'><strong>morat:</strong></span> <span class='ocrx_word' id='word_1_852' title='bbox 1192 4620 1222 4676; x_wconf 87' lang='lat' dir='ltr'><strong>Si</strong></span> <span class='ocrx_word' id='word_1_853' title='bbox 1235 4622 1311 4690; x_wconf 73' lang='lat' dir='ltr'><strong>[uerit</strong></span> <span class='ocrx_word' id='word_1_854' title='bbox 1330 4637 1449 4674; x_wconf 84' lang='lat' dir='ltr'><strong>nunrcras</strong></span> <span class='ocrx_word' id='word_1_855' title='bbox 1462 4621 1572 4688; x_wconf 76' lang='lat' dir='ltr'><strong>piiorarn</strong></span> <span class='ocrx_word' id='word_1_856' title='bbox 1587 4618 1670 4677; x_wconf 75' lang='lat' dir='ltr'><strong>lanei</strong></span> <span class='ocrx_word' id='word_1_857' title='bbox 1689 4622 1754 4676; x_wconf 90' lang='lat' dir='ltr'><strong>sicat</strong></span> <span class='ocrx_word' id='word_1_858' title='bbox 1774 4639 1852 4677; x_wconf 81' lang='lat' dir='ltr'><strong>arara</strong></span> 
     </span>
     <span class='ocr_line' id='line_1_105' title="bbox 1066 4710 1851 4786; baseline 0.005 -18"><span class='ocrx_word' id='word_1_859' title='bbox 1066 4715 1152 4779; x_wconf 84' lang='lat' dir='ltr'><strong>araris,</strong></span> <span class='ocrx_word' id='word_1_860' title='bbox 1163 4712 1275 4783; x_wconf 77' lang='lat' dir='ltr'><strong>reliquiae</strong></span> <span class='ocrx_word' id='word_1_861' title='bbox 1286 4711 1362 4767; x_wconf 84' lang='lat' dir='ltr'><strong>salcoe</strong></span> <span class='ocrx_word' id='word_1_862' title='bbox 1375 4713 1434 4781; x_wconf 71' lang='lat' dir='ltr'><strong>licat</strong></span> <span class='ocrx_word' id='word_1_863' title='bbox 1449 4710 1523 4780; x_wconf 82' lang='lat' dir='ltr'><strong>(lsai.</strong></span> <span class='ocrx_word' id='word_1_864' title='bbox 1538 4728 1567 4776; x_wconf 85' lang='lat' dir='ltr'><strong>x,</strong></span> <span class='ocrx_word' id='word_1_865' title='bbox 1582 4711 1634 4778; x_wconf 72' lang='lat'><strong>22;</strong></span> <span class='ocrx_word' id='word_1_866' title='bbox 1650 4713 1726 4768; x_wconf 81' lang='lat' dir='ltr'><strong>Rom.</strong></span> <span class='ocrx_word' id='word_1_867' title='bbox 1741 4728 1779 4779; x_wconf 83' lang='lat' dir='ltr'><strong>tx,</strong></span> <span class='ocrx_word' id='word_1_868' title='bbox 1792 4713 1851 4786; x_wconf 75' lang='lat' dir='ltr'><strong>at).</strong></span> 
     </span>
     <span class='ocr_line' id='line_1_106' title="bbox 1066 4802 1851 4875; baseline 0 -17"><span class='ocrx_word' id='word_1_869' title='bbox 1066 4803 1113 4858; x_wconf 82' lang='lat' dir='ltr'><strong>lite</strong></span> <span class='ocrx_word' id='word_1_870' title='bbox 1126 4805 1223 4874; x_wconf 84' lang='lat' dir='ltr'><strong>quippe</strong></span> <span class='ocrx_word' id='word_1_871' title='bbox 1245 4804 1270 4857; x_wconf 92' lang='lat' dir='ltr'><strong>in</strong></span> <span class='ocrx_word' id='word_1_872' title='bbox 1292 4803 1423 4859; x_wconf 81' lang='lat' dir='ltr'><strong>Christum</strong></span> <span class='ocrx_word' id='word_1_873' title='bbox 1443 4803 1513 4859; x_wconf 89' lang='lat' dir='ltr'><strong>lilius</strong></span> <span class='ocrx_word' id='word_1_874' title='bbox 1527 4803 1614 4872; x_wconf 79' lang='lat' dir='ltr'><strong>geratis</strong></span> <span class='ocrx_word' id='word_1_875' title='bbox 1627 4802 1746 4875; x_wconf 77' lang='lat' dir='ltr'><strong>reliquiae</strong></span> <span class='ocrx_word' id='word_1_876' title='bbox 1764 4804 1851 4861; x_wconf 84' lang='lat' dir='ltr'><strong>credi·</strong></span> 
     </span>
     <span class='ocr_line' id='line_1_107' title="bbox 1066 4899 1171 4956; baseline 0 -3"><span class='ocrx_word' id='word_1_877' title='bbox 1066 4899 1171 4956; x_wconf 88' lang='lat' dir='ltr'><strong>derunt.</strong></span> 
     </span>
    </p>
   </div>
   <div class='ocr_carea' id='block_1_14' title="bbox 1065 5025 1852 5190">
    <p class='ocr_par' dir='ltr' id='par_1_15' title="bbox 1065 5025 1852 5190">
     <span class='ocr_line' id='line_1_108' title="bbox 1065 5025 1852 5097; baseline -0.004 -12"><span class='ocrx_word' id='word_1_878' title='bbox 1065 5028 1176 5085; x_wconf 77' lang='lat' dir='ltr'><strong>CAPUT</strong></span> <span class='ocrx_word' id='word_1_879' title='bbox 1194 5027 1314 5082; x_wconf 82' lang='lat' dir='ltr'><strong>ttt&#39;xtv.</strong></span> <span class='ocrx_word' id='word_1_880' title='bbox 1326 5026 1409 5082; x_wconf 89' lang='lat' dir='ltr'><strong>—De</strong></span> <span class='ocrx_word' id='word_1_881' title='bbox 1424 5028 1556 5097; x_wconf 84' lang='lat' dir='ltr'><strong>prophetia</strong></span> <span class='ocrx_word' id='word_1_882' title='bbox 1568 5025 1681 5082; x_wconf 84' lang='lat' dir='ltr'><strong>Danielis</strong></span> <span class='ocrx_word' id='word_1_883' title='bbox 1690 5036 1715 5081; x_wconf 89' lang='lat' dir='ltr'><strong>ct</strong></span> <span class='ocrx_word' id='word_1_884' title='bbox 1731 5026 1852 5083; x_wconf 75' lang='lat' dir='ltr'><strong>Caeciae·</strong></span> 
     </span>
     <span class='ocr_line' id='line_1_109' title="bbox 1137 5118 1781 5190; baseline -0.002 -16"><span class='ocrx_word' id='word_1_885' title='bbox 1137 5121 1178 5186; x_wconf 88' lang='lat' dir='ltr'><strong>tis,</strong></span> <span class='ocrx_word' id='word_1_886' title='bbox 1193 5135 1249 5190; x_wconf 78' lang='lat' dir='ltr'><strong>parc</strong></span> <span class='ocrx_word' id='word_1_887' title='bbox 1259 5121 1285 5173; x_wconf 91' lang='grc' dir='ltr'><strong>ιἰι</strong></span> <span class='ocrx_word' id='word_1_888' title='bbox 1300 5118 1425 5174; x_wconf 85' lang='lat' dir='ltr'><strong>Christum</strong></span> <span class='ocrx_word' id='word_1_889' title='bbox 1435 5118 1623 5190; x_wconf 81' lang='lat' dir='ltr'><strong>Ecclesianrquc</strong></span> <span class='ocrx_word' id='word_1_890' title='bbox 1633 5119 1781 5173; x_wconf 82' lang='lat' dir='ltr'><strong>concordat.</strong></span> 
     </span>
    </p>
   </div>
   <div class='ocr_carea' id='block_1_15' title="bbox 1101 5248 1852 5322">
    <p class='ocr_par' dir='ltr' id='par_1_16' title="bbox 1101 5248 1852 5322">
     <span class='ocr_line' id='line_1_110' title="bbox 1101 5248 1852 5322; baseline 0 -16"><span class='ocrx_word' id='word_1_891' title='bbox 1101 5251 1126 5306; x_wconf 90' lang='lat' dir='ltr'><strong>t.</strong></span> <span class='ocrx_word' id='word_1_892' title='bbox 1146 5249 1174 5305; x_wconf 91' lang='lat' dir='ltr'><strong>la</strong></span> <span class='ocrx_word' id='word_1_893' title='bbox 1194 5251 1249 5321; x_wconf 90' lang='lat' dir='ltr'><strong>ipsa</strong></span> <span class='ocrx_word' id='word_1_894' title='bbox 1268 5265 1350 5319; x_wconf 92' lang='lat' dir='ltr'><strong>porro</strong></span> <span class='ocrx_word' id='word_1_895' title='bbox 1368 5248 1520 5322; x_wconf 77' lang='lat' dir='ltr'><strong>hamtonia</strong></span> <span class='ocrx_word' id='word_1_896' title='bbox 1538 5249 1690 5320; x_wconf 84' lang='lat' dir='ltr'><strong>captivitate</strong></span> <span class='ocrx_word' id='word_1_897' title='bbox 1702 5249 1776 5320; x_wconf 89' lang='lat' dir='ltr'><strong>prius</strong></span> <span class='ocrx_word' id='word_1_898' title='bbox 1790 5265 1852 5322; x_wconf 90' lang='lat' dir='ltr'><strong>pro-</strong></span> 
     </span>
    </p>
   </div>
   <div class='ocr_carea' id='block_1_16' title="bbox 1061 5405 1856 5803">
    <p class='ocr_par' dir='ltr' id='par_1_17' title="bbox 1081 5405 1854 5563">
     <span class='ocr_line' id='line_1_111' title="bbox 1081 5405 1837 5495; baseline -0.001 -19"><span class='ocrx_word' id='word_1_899' title='bbox 1081 5405 1083 5407; x_wconf 64' lang='lat'>‚</span> <span class='ocrx_word' id='word_1_900' title='bbox 1095 5433 1104 5462; x_wconf 84' lang='lat'><strong>¹</strong></span> <span class='ocrx_word' id='word_1_901' title='bbox 1123 5435 1130 5476; x_wconf 96' lang='lat' dir='ltr'><strong>t</strong></span> <span class='ocrx_word' id='word_1_902' title='bbox 1167 5428 1320 5490; x_wconf 84' lang='lat' dir='ltr'><strong>nranuscrlptl</strong></span> <span class='ocrx_word' id='word_1_903' title='bbox 1329 5427 1398 5490; x_wconf 78' lang='lat' dir='ltr'><strong>juxta</strong></span> <span class='ocrx_word' id='word_1_904' title='bbox 1408 5437 1513 5489; x_wconf 69' lang='lat' dir='ltr'><strong>grecum</strong></span> <span class='ocrx_word' id='word_1_905' title='bbox 1523 5430 1588 5474; x_wconf 81' lang='lat' dir='ltr'><strong>Lxx.</strong></span> <span class='ocrx_word' id='word_1_906' title='bbox 1602 5430 1630 5474; x_wconf 89' lang='lat' dir='ltr'><strong>tt</strong></span> <span class='ocrx_word' id='word_1_907' title='bbox 1641 5423 1709 5495; x_wconf 77' lang='lat' dir='ltr'><strong>editi,</strong></span> <span class='ocrx_word' id='word_1_908' title='bbox 1722 5420 1837 5495; x_wconf 77' lang='lat' dir='ltr'><strong>interris.</strong></span> 
     </span>
     <span class='ocr_line' id='line_1_112' title="bbox 1093 5488 1854 5563; baseline -0.004 -24"><span class='ocrx_word' id='word_1_909' title='bbox 1093 5490 1188 5563; x_wconf 26' lang='lat' dir='ltr'><strong>’‘tind.</strong></span> <span class='ocrx_word' id='word_1_910' title='bbox 1200 5499 1250 5538; x_wconf 83' lang='lat' dir='ltr'><strong>tm.</strong></span> <span class='ocrx_word' id='word_1_911' title='bbox 1260 5495 1296 5538; x_wconf 77' lang='lat' dir='ltr'><strong>tr.</strong></span> <span class='ocrx_word' id='word_1_912' title='bbox 1306 5497 1332 5540; x_wconf 89' lang='lat' dir='ltr'><strong>et</strong></span> <span class='ocrx_word' id='word_1_913' title='bbox 1342 5488 1454 5552; x_wconf 90' lang='lat' dir='ltr'><strong>plerique</strong></span> <span class='ocrx_word' id='word_1_914' title='bbox 1464 5493 1527 5548; x_wconf 77' lang='lat' dir='ltr'><strong>tiss,</strong></span> <span class='ocrx_word' id='word_1_915' title='bbox 1539 5492 1562 5538; x_wconf 91' lang='lat' dir='ltr'><strong>et</strong></span> <span class='ocrx_word' id='word_1_916' title='bbox 1572 5498 1696 5551; x_wconf 77' lang='lat' dir='ltr'><strong>progenies</strong></span> <span class='ocrx_word' id='word_1_917' title='bbox 1703 5488 1854 5548; x_wconf 53' lang='lat' dir='ltr'><strong>crementis·</strong></span> 
     </span>
    </p>

    <p class='ocr_par' dir='ltr' id='par_1_18' title="bbox 1063 5565 1856 5676">
     <span class='ocr_line' id='line_1_113' title="bbox 1063 5565 1856 5676; baseline -0.005 -12"><span class='ocrx_word' id='word_1_918' title='bbox 1063 5565 1173 5664; x_wconf 44' lang='lat' dir='ltr'><strong>milites.</strong></span> <span class='ocrx_word' id='word_1_919' title='bbox 1185 5626 1192 5663; x_wconf 91' lang='lat'>:</span> <span class='ocrx_word' id='word_1_920' title='bbox 1211 5620 1239 5662; x_wconf 91' lang='lat' dir='ltr'><strong>tn</strong></span> <span class='ocrx_word' id='word_1_921' title='bbox 1256 5610 1298 5662; x_wconf 88' lang='lat' dir='ltr'><strong>ilio</strong></span> <span class='ocrx_word' id='word_1_922' title='bbox 1316 5609 1356 5663; x_wconf 84' lang='lat' dir='ltr'><strong>die</strong></span> <span class='ocrx_word' id='word_1_923' title='bbox 1367 5608 1522 5676; x_wconf 73' lang='lat' dir='ltr'><strong>mosanderis</strong></span> <span class='ocrx_word' id='word_1_924' title='bbox 1528 5622 1538 5674; x_wconf 75' lang='grc' dir='ltr'><strong><em>ς</em></strong></span> <span class='ocrx_word' id='word_1_925' title='bbox 1549 5615 1642 5674; x_wconf 67' lang='lat' dir='ltr'><strong>eumue</strong></span> <span class='ocrx_word' id='word_1_926' title='bbox 1657 5617 1767 5674; x_wconf 75' lang='lat' dir='ltr'><strong>negante</strong></span> <span class='ocrx_word' id='word_1_927' title='bbox 1778 5611 1856 5674; x_wconf 83' lang='lat' dir='ltr'><strong>parti·</strong></span> 
     </span>
    </p>

    <p class='ocr_par' dir='ltr' id='par_1_19' title="bbox 1061 5674 1855 5803">
     <span class='ocr_line' id='line_1_114' title="bbox 1061 5674 1855 5803; baseline -0.008 -13"><span class='ocrx_word' id='word_1_928' title='bbox 1061 5674 1229 5790; x_wconf 51' lang='lat' dir='ltr'><strong>cula&#39;ttoanulli</strong></span> <span class='ocrx_word' id='word_1_929' title='bbox 1241 5738 1402 5803; x_wconf 81' lang='lat' dir='ltr'><strong>manuscripti,</strong></span> <span class='ocrx_word' id='word_1_930' title='bbox 1419 5734 1445 5787; x_wconf 90' lang='lat' dir='ltr'><strong>in</strong></span> <span class='ocrx_word' id='word_1_931' title='bbox 1463 5731 1546 5788; x_wconf 70' lang='lat' dir='ltr'><strong>tract.</strong></span> <span class='ocrx_word' id='word_1_932' title='bbox 1557 5737 1639 5786; x_wconf 63' lang='lat' dir='ltr'><strong>&amp;ecs</strong></span> <span class='ocrx_word' id='word_1_933' title='bbox 1655 5738 1704 5795; x_wconf 78' lang='lat' dir='ltr'><strong>est,</strong></span> <span class='ocrx_word' id='word_1_934' title='bbox 1715 5732 1757 5786; x_wconf 67' lang='lat' dir='ltr'><strong>tuh</strong></span> <span class='ocrx_word' id='word_1_935' title='bbox 1768 5730 1855 5787; x_wconf 66' lang='lat' dir='ltr'><strong>tasci-</strong></span> 
     </span>
    </p>
   </div>
   <div class='ocr_carea' id='block_1_17' title="bbox 0 0 1954 6390">
    <p class='ocr_par' dir='ltr' id='par_1_20' title="bbox 0 0 1954 6390">
     <span class='ocr_line' id='line_1_115' title="bbox 0 0 1954 6390; baseline 0 0"><span class='ocrx_word' id='word_1_936' title='bbox 0 0 1954 6390; x_wconf 95' lang='lat' dir='ltr'><strong> </strong></span> 
     </span>
    </p>
   </div>
  </div>
 </body>
</html>
