3900 6390
209 255 260 312 511
735 260 780 317 DE
799 260 959 318 Cllll'l'h'l'll
980 262 1035 318 out
1052 263 1082 320 S.
1102 262 1284 323 tususrtut
1782 251 1834 309 5¹²

212 368 278 422 bitur
297 375 341 422 tros
359 386 442 424 semen
451 387 460 425 :
470 370 505 424 ld
516 379 569 440 est,
583 370 683 442 inquit,
699 389 750 427 nau
763 373 807 442 qui
823 373 870 442 filii
890 373 994 438 carnis,
1049 374 1177 444 Abruhs,
1190 383 1251 446 post
1263 374 1459 438 holocaustum,
1473 385 1526 440 quo
1537 365 1699 439 significatus
1710 371 1752 421 est
1763 363 1836 419 dhri-

212 461 295 532 1111111
307 461 373 528 ⁰0⁵2·
386 463 430 518 ted
441 463 995 535 filiiprruissiouisdepmamarmsmtae¹.
1048 477 1122 536 stus,
1138 469 1217 525 etiarn
1244 467 1374 538 juratione
1397 465 1444 519 Dei
1470 463 1573 517 lirmata
1598 459 1748 532 promissio.
1760 460 1835 527 Srpc

214 550 302 624 istm·
317 567 359 619 ¹¹2
375 553 415 621 ⁸l·
435 553 474 607 30
491 567 538 622 W
556 551 607 607 ¹¹⁰⁰
621 551 667 607 fflll
685 552 886 622 lll⁰ml⁸⁸¹⁰⁰b⁸2
902 554 998 608 11181111
1050 561 1120 616 enim
1131 561 1298 630 promiserat,
1310 558 1357 613 sed
1370 570 1503 626 nunquam
1513 550 1736 625 juraverat.Quid
1747 560 1835 605 autem

214 655 304 696 semen
323 641 456 709 burabe,
470 642 496 696 ia
511 641 582 698 lsaac
594 651 731 709 vocantur,
746 642 797 698 boc
809 652 866 710 ost,
879 644 905 697 in
923 643 1001 697 Citri-
1051 659 1092 706 est
1106 650 1152 706 Dei
1169 651 1224 705 reri
1242 649 1396 717 uerarisque
1406 646 1513 717 juratio,
1534 645 1583 699 nisi
1598 642 1722 714 promissi
1736 639 1836 697 condr-

214 739 285 787 stum
300 733 311 764 ¹
325 741 436 787 vocante
448 734 532 802 pratia
552 744 757 805 congregantur.
771 734 844 790 lianc
855 750 918 805 crgo
935 750 1000 805 pro·
1052 740 1142 806 uratia,
1156 750 1182 796 et
1197 738 1342 794 infidelium
1357 736 1478 809 quedam
1492 733 1658 804 increpatio?

215 821 367 878 missionem
381 832 455 891 pater
466 826 524 891 pins
541 823 654 879 lldclitcr
668 834 776 890 mitens,
791 826 851 895 quia
868 841 915 895 per
930 825 1000 882 hunc
1086 831 1114 886 a.
1127 830 1257 887 Posthac
1271 831 1350 885 Sarra
1365 833 1534 890 mortuaest,
1549 823 1697 879 centesimo
1708 820 1839 877 etricesi-

216 913 355 984 oportebat
375 914 495 983 impleri,
514 929 593 984 quem
614 915 683 970 Deus
699 915 809 985 iubebat
827 916 931 984 occidi,
948 933 1000 971 non
1052 935 1097 977 mo
1109 921 1223 991 septimo
1234 934 1305 974 anno
1318 915 1533 991 ritesue(Gen.
1545 928 1623 981 narrt,
1640 911 1677 981 1),
1692 911 1839 968 centesimo

216 1001 347 1060 hesitavit
358 1005 428 1075 quod
440 1005 490 1059 sibi
502 1005 575 1060 reddi
590 1013 692 1074 poterat
706 1005 871 1076 immolatus,
884 1009 928 1077 qui
944 1008 1002 1063 dari
1054 1020 1144 1068 autem
1160 1021 1188 1067 et
1207 1012 1341 1066 tricesimo
1358 1009 1471 1079 septimo
1492 1007 1541 1060 riri
1554 1006 1605 1061 sui.
1630 1005 1727 1059 Decem
1741 1003 1838 1072 quippe

217 1095 302 1165 potuit
316 1109 368 1150 noo
383 1104 515 1165 speratus.
528 1094 572 1150 Sic
582 1096 744 1152 intellectum
757 1105 798 1152 cst
807 1107 834 1153 et
846 1099 873 1152 in
887 1098 1002 1169 Epistola

218 1182 252 1240 ad
265 1181 407 1252 llehrreos,
422 1196 449 1240 et
463 1186 502 1240 sie
512 1185 674 1256 expositum.
685 1185 767 1252 Fide,
784 1187 887 1258 inquit,
902 1204 1004 1257 pracer-

218 1277 251 1331 sit
264 1277 409 1344 Abrabam,
428 1279 455 1332 in
477 1278 551 1331 lsaac
564 1277 576 1310 ⁸
590 1287 719 1344 tentatus;
734 1289 756 1333 ct
777 1279 877 1333 unicum
894 1279 1003 1346 obtulit,

219 1366 262 1439 qui
280 1367 458 1438 promissiones
480 1369 606 1438 suscepit,
630 1368 664 1422 ad
688 1384 759 1437 quem
783 1369 876 1424 dictum
895 1380 949 1438 cst,
971 1368 1006 1427 ln

220 1457 295 1514 isaac
307 1460 434 1514 uocabitur
447 1460 491 1514 tibi
504 1476 588 1514 maren
600 1461 734 1532 :capitana
745 1463 805 1532 quia
818 1474 841 1517 et
855 1479 886 1518 eu
900 1464 1006 1519 mortuis

221 1552 332 1605 essitare
349 1562 427 1622 potest
441 1550 520 1608 Deus.
534 1552 648 1607 Proinde
662 1552 780 1621 addidit,
794 1554 847 1609 Pro
870 1556 917 1611 luae
931 1557 1005 1612 etiam

221 1653 310 1700 eumct
323 1645 349 1698 in
361 1645 549 1716 munlitndincm
562 1645 669 1698 adducit
680 1644 770 1717 (liebr.
783 1662 822 1712 ιι,
837 1646 944 1716 17-19).
955 1648 1007 1703 Cu·

222 1733 265 1804 lus
277 1733 492 1801 similitudinem,
514 1735 564 1791 uisi
579 1735 648 1791 illius
661 1735 696 1793 de
710 1752 762 1806 quo
774 1737 838 1794 dicit
851 1737 921 1794 idem
934 1739 1008 1809 dpo·

223 1825 326 1890 status,
343 1825 392 1893 Qui
407 1828 510 1897 proprio
528 1826 553 1881 F
554 1825 598 1881 ilio
609 1844 660 1882 non
674 1830 782 1900 pepercit
793 1871 801 1895 ,
814 1831 859 1887 scd
873 1847 919 1902 pra
939 1831 1010 1887 nobis

224 1914 339 1969 omnibus
351 1915 456 1970 tradidit
469 1917 542 1972 illum
556 1916 643 1990 (llam
662 1934 725 1985 virt,
740 1920 805 1989 5111
822 1921 965 1992 Propterea
983 1932 1011 1977 ει

224 2002 317 2071 isaac,
332 2007 400 2061 sicut
418 2006 563 2074 Dominus,
578 2023 684 2064 crucem
699 2025 792 2076 suam,
815 2012 850 2066 ita
869 2012 919 2067 sihi
941 2012 1011 2081 liqna

224 2097 259 2152 sd
277 2098 392 2155 victitare
413 2098 518 2166 locutu,
534 2101 629 2171 quibus
643 2100 729 2157 iuerat
747 2102 938 2172 imponendus,
954 2104 1012 2174 ipse

225 2191 350 2260 portarit.
366 2189 504 2247 Postremo
516 2192 576 2261 quia
592 2190 665 2247 lsaac
678 2192 762 2248 occidi
777 2210 831 2249 uon
850 2195 1011 2264 oportebat,

226 2289 397 2351 posteaquam
410 2291 451 2337 est
462 2290 536 2352 pater
550 2282 629 2339 lerire
643 2284 810 2354 prohibitus,
824 2287 884 2356 quis
896 2298 953 2342 erat
968 2287 1013 2343 ille

227 2371 314 2438 aries,
330 2387 382 2443 quo
400 2373 538 2429 immolato
557 2374 692 2445 impletum
706 2384 747 2431 εει
759 2377 933 2447 significativo
952 2391 1014 2432 san-

227 2461 307 2532 quine
329 2462 508 2518 s‘tcriliclurui
527 2462 628 2534 Nempe
646 2465 751 2535 qnando
765 2481 827 2523 eum
848 2467 914 2522 vidit
930 2468 1015 2523 Abra·

229 2551 308 2619 ham,
321 2553 446 2608 cornibus
460 2553 486 2608 in
500 2552 594 2609 frutice
609 2555 757 2611 tenebatur.
772 2556 836 2625 Quis
848 2573 911 2629 ergo
924 2558 970 2613 illo
985 2559 1015 2612 h·

229 2642 382 2715 purabatur,
396 2643 446 2699 nisi
459 2643 553 2712 lesus,
567 2652 708 2716 antequam
725 2633 917 2717 immolaretur,
932 2650 1016 2720 spinis

230 2732 346 2791 ludricis
359 2737 519 2792 comnatnst

268 2825 296 2879 2.
310 2825 363 2881 Sctl
373 2825 460 2882 divina
474 2841 522 2898 per
534 2830 662 2901 Angelum
676 2832 756 2888 rerba
771 2832 857 2903 potius
868 2835 1015 2891 audiamus.

232 2914 384 2987 hitqttippe
406 2918 610 2988 scripturiret
632 2921 742 2975 extendit
766 2921 894 2976 Abraham
915 2941 1017 2979 ntanum

232 3023 304 3062 mam
315 3024 412 3064 surium
425 3010 593 3078 moedorum,
610 3021 639 3064 ut
652 3014 775 3067 occideret
790 3014 871 3080 tilium
887 3033 969 3072 suunt.
985 3016 1017 3071 m

232 3100 327 3156 sumsit
341 3098 413 3155 illum
425 3102 535 3174 Auqclus
547 3101 651 3158 Domini
662 3104 694 3158 de
707 3104 770 3159 coelo
780 3147 787 3171 ,
798 3115 821 3160 ct
834 3107 898 3163 dicit
913 3123 924 3164 ε
936 3109 1018 3164 Abra-

232 3191 292 3247 ham
302 3192 314 3248 l
322 3191 375 3248 ttte
385 3203 469 3249 autem
482 3193 641 3250 dicitslc'cce
657 3213 712 3268 eqo.
730 3196 764 3252 Et
780 3197 846 3253 dicit
860 3215 869 3254 .·
883 3198 945 3254 Non
956 3201 1018 3271 inji-

233 3287 287 3344 etas
298 3304 401 3342 manum
414 3297 484 3342 tuom
496 3305 573 3360 super
584 3305 703 3361 puerum,
714 3307 793 3361 neque
806 3293 884 3362 facias
897 3291 936 3347 illi
947 3294 1021 3364 quid·

233 3398 310 3455 quant
323 3398 332 3437 .·
344 3399 411 3437 nunc
430 3383 497 3438 enlm
514 3385 574 3438 sciri
587 3385 647 3457 quia
666 3386 736 3440 tiores
750 3384 832 3440 Deum
846 3395 874 3441 tu
887 3386 908 3456 ⁸,
927 3397 950 3442 ει
969 3405 1020 3443 non

234 3473 368 3545 pepercisti
376 3473 430 3544 filia
445 3483 487 3529 tuo
498 3474 590 3530 dilecta
603 3485 705 3546 propter
717 3492 767 3530 me.
784 3475 809 3530 N
812 3494 861 3532 unc
872 3479 948 3544 sciri,
966 3480 1021 3535 dio·

235 3569 290 3618 tum
306 3572 367 3631 est,
389 3579 459 3619 nttnc
480 3565 541 3620 sciri
556 3565 607 3621 leci
622 3582 630 3621 ε
643 3571 730 3636 neque
746 3567 817 3621 enim
837 3567 888 3623 hoc
903 3569 1019 3625 nondum

234 3655 336 3712 sciebat
349 3656 429 3712 Deus.
445 3655 546 3712 Deinde
562 3657 645 3712 ariete
668 3656 714 3712 illo
734 3657 869 3713 immolato
888 3674 937 3730 pro
950 3660 1023 3716 lsaac

236 3744 293 3800 illio
306 3760 366 3813 suo,
381 3747 492 3812 caconit,
505 3754 536 3801 ut
552 3746 657 3816 legitur,
672 3745 800 3802 Abrabam
815 3764 904 3803 narnien
922 3748 972 3804 laci
987 3751 1022 3805 il-

237 3836 305 3902 liss,
320 3836 443 3892 Dominus
456 3838 517 3892 sidit
528 3854 538 3893 .·
550 3848 577 3892 ut
589 3839 674 3893 dicant
687 3839 775 3906 bodie,
794 3837 825 3895 ln
838 3851 921 3896 monte
933 3840 1024 3896 Domi·

237 3944 286 3983 nus
298 3930 427 4000 apparuit.
451 3929 526 3986 Sicut
541 3929 643 3985 dictum
662 3938 720 3998 est,
737 3930 815 3985 Nunc
828 3933 907 4001 sciri,
930 3948 978 4002 pro
991 3949 1024 3989 cu

237 4019 308 4092 quod
330 4029 390 4089 εει,
412 4021 488 4077 Nunc
501 4022 564 4077 sciri
581 4021 632 4078 leci
644 4041 651 4078 ε
662 4023 698 4077 ita
718 4022 778 4091 hic,
800 4023 923 4080 Dominus
941 4027 1024 4093 uidit,·

239 4125 288 4182 pro
297 4125 330 4166 eo
342 4111 412 4180 quod
432 4122 489 4180 est,
503 4112 630 4169 Dominus
646 4116 785 4184 apparuit,·
799 4114 850 4170 hoc
861 4125 918 4184 est,
935 4116 1024 4174 Videri

238 4215 270 4258 se
280 4201 352 4258 lecit.
363 4201 397 4256 tn
412 4204 508 4258 uacauit
526 4204 636 4276 Ampelus
650 4205 753 4260 Domini
767 4206 895 4260 Abrabam
916 4210 1025 4263 secundo

239 4292 271 4346 de
283 4293 361 4360 coelo,
376 4294 460 4349 dicens
472 4310 483 4349 .·
494 4293 545 4349 Per
559 4299 728 4366 uteoretlpaum
737 4297 842 4366 iuraui,
862 4297 922 4352 dicit
936 4298 1026 4353 Domi·

239 4399 304 4450 uss,
318 4385 496 4456 propterquod
505 4386 586 4455 fecisti
597 4389 697 4442 uerbum
714 4387 777 4454 bac,
792 4398 816 4443 et
828 4405 879 4444 uon
895 4392 1027 4462 pepercisti

240 4475 295 4544 filio
307 4485 350 4530 tuo
363 4475 452 4531 dilecto
467 4485 568 4548 propter
586 4493 640 4545 me,
656 4479 705 4533 nisi
724 4480 868 4534 benedicens
882 4480 1026 4536 benedicam

240 4573 283 4632 te,
298 4575 322 4619 et
334 4565 506 4638 ntultiplicans
520 4568 690 4639 multiplicabo
699 4585 782 4624 semen
794 4579 879 4638 tuum,
893 4572 956 4625 sicud
965 4572 1026 4626 stel-

242 4658 281 4713 las
293 4658 363 4724 culi,
379 4667 403 4713 et
417 4668 536 4730 tanquam
548 4676 651 4714 arenam
660 4676 716 4732 quie
726 4671 762 4715 cst
769 4662 846 4732 jueta
863 4661 957 4717 labium
974 4680 1029 4716 ma-

240 4749 286 4805 ris.
301 4747 335 4803 m
345 4749 492 4806 hereditate
500 4750 633 4821 possidebit
643 4768 726 4806 umen
738 4760 807 4806 tuum
816 4752 926 4808 ciuitates
938 4754 1028 4808 adser-

242 4839 368 4895 sariornm
377 4840 406 4907 ’ς
420 4851 444 4895 ει
457 4839 633 4896 benedicentur
645 4843 672 4895 in
683 4843 777 4895 senum
790 4851 832 4896 tua
845 4857 930 4897 artinas
944 4854 1028 4914 pentes

243 4942 337 4999 terroe,·
349 4934 408 5002 quia
421 4934 547 4989 obaudisti
559 4949 643 4989 uocem
657 4951 737 4988 meam
750 4933 825 5005 (Gerr.
836 4949 910 5002 xxn,
925 4936 1028 5009 lli-lb).

244 5021 301 5079 lloc
316 5023 394 5079 modo
416 5034 457 5079 est
478 5024 523 5078 illa
537 5024 572 5080 dc
592 5025 731 5080 vocatione
750 5025 868 5095 genitum
888 5025 913 5080 iu
929 5029 1030 5083 semine

242 5160 493 5315 manum
523 5160 866 5234 ,anm
875 5173 970 5223 aa

302 5279 354 5330 sola
366 5281 439 5331 edttm
451 5291 516 5343 Lon,
528 5296 554 5332 m
564 5283 666 5335 christo.

273 5345 285 5379 ⁸
302 5342 411 5393 nonnulli
428 5350 494 5405 tiss,
504 5343 574 5404 rrae,
585 5345 672 5410 inquit,
688 5342 770 5396 atum
782 5342 902 5394 abraham
914 5352 989 5395 tuaac.
1002 5371 1033 5382 -

241 5402 448 5518 :pffiffl
471 5413 505 5514 ep!
515 5403 576 5457 1111111
593 5406 687 5472 legunt,
698 5405 759 5458 side
776 5413 855 5458 mrem
865 5418 912 5456 nou
927 5405 1032 5471 pepercit

274 5527 286 5562 ⁸
303 5527 380 5591 sdltl,
403 5536 482 5580 Deion
499 5533 575 5579 uun.
592 5528 677 5580 trelius
693 5535 745 5580 tiss.
766 5528 837 5592 Juxta
857 5528 1032 5592 septuaginta,

243 5595 368 5702 ambibi
379 5650 478 5714 addunt,
490 5663 588 5706 marton
599 5663 608 5703 :
619 5650 684 5715 quod
700 5663 716 5702 a
731 5651 899 5715 manuscriptis
911 5656 937 5702 et
957 5662 972 5701 a
989 5658 1033 5702 sc·

245 5712 375 5777 rtrtaslms
387 5715 466 5766 mest.

1053 1105 1130 1160 annis
1143 1119 1201 1160 eam
1213 1102 1379 1174 praecedebat
1392 1109 1486 1165 etate3
1502 1098 1655 1167 sicutipse,
1671 1095 1778 1167 quando
1790 1095 1841 1149 sibi

1054 1210 1087 1250 er
1100 1194 1143 1249 illa
1156 1194 1303 1265 promissus
1313 1203 1353 1247 εει
1364 1192 1450 1252 lilius,
1467 1189 1520 1255 alt,
1534 1187 1565 1243 Si
1576 1187 1638 1240 mihi
1649 1201 1774 1240 annorum
1784 1200 1843 1237 cen·

1055 1296 1108 1339 tum
1120 1295 1236 1339 nmcetur
1249 1285 1332 1353 plius,
1352 1292 1374 1337 et
1385 1282 1405 1336 si
1417 1280 1498 1336 Sarra
1510 1280 1634 1332 annorum
1646 1276 1784 1346 aouapirrta
1795 1291 1843 1346 pa·

1055 1378 1102 1430 riet
1117 1374 1171 1447 (ld.
1184 1391 1256 1443 surr,
1275 1374 1342 1445 1711
1358 1373 1431 1428 Tunc
1450 1371 1514 1426 emit
1527 1385 1618 1441 agrum
1640 1367 1795 1431 Abraham,
1818 1367 1844 1420 in

1056 1485 1109 1540 quo
1123 1470 1245 1540 sepelivit
1258 1483 1378 1523 uxorem.
1396 1466 1471 1522 Turre
1489 1478 1564 1534 crgo,
1585 1461 1732 1518 secuudum
1748 1473 1841 1514 narra·

1059 1564 1156 1618 tionem
1176 1560 1321 1630 Stephani,
1344 1560 1455 1613 interra
1476 1556 1576 1611 illaesi
1596 1553 1757 1616 collocatus,
1779 1563 1845 1618 qno-

1058 1656 1129 1711 niam
1140 1654 1222 1725 coepit
1231 1653 1266 1708 ibi
1277 1666 1337 1707 esse
1348 1664 1487 1721 possessor
1497 1647 1564 1719 (Act.
1579 1661 1631 1713 rur,
1644 1645 1689 1714 l);
1702 1650 1762 1713 post
1775 1656 1847 1696 mor·

1060 1757 1113 1804 tem
1125 1747 1227 1803 scilicet
1238 1743 1321 1816 patris
1340 1743 1399 1810 sui,
1420 1741 1465 1812 qui
1484 1739 1618 1810 colligitur
1629 1744 1691 1793 ante
1713 1734 1849 1790 biennium

1061 1839 1143 1894 luisse
1157 1836 1307 1894 defunctus.

1061 1969 1174 2028 CAPUT
1194 1966 1312 2025 xxxttt.
1340 1966 1415 2022 -Dc
1434 1964 1545 2021 Rebecca
1559 1974 1631 2034 nepte
1645 1963 1761 2028 Naclsor,
1774 1977 1849 2031 quant

1300 2059 1378 2114 isaac
1390 2059 1485 2128 accepit
1498 2073 1612 2112 uxorein.
1639 2077 1643 2086 ’

1098 2189 1199 2246 Deinde
1209 2188 1369 2254 Rebeccam,
1384 2194 1489 2256 neptem
1503 2183 1608 2239 Naehor
1626 2182 1712 2252 patrui
1725 2181 1777 2241 sui,
1791 2195 1851 2235 cum

1064 2297 1192 2338 annorum
1205 2279 1377 2351 quadraginta
1387 2285 1457 2332 εεεει
1469 2275 1553 2342 lsaac,
1566 2274 1642 2328 duxit
1653 2287 1774 2337 onorem,
1787 2285 1851 2324 cerr·

1065 2373 1159 2428 tesimo
1172 2370 1274 2427 scilicet
1286 2380 1313 2425 et
1325 2366 1527 2439 quadragesimo
1541 2379 1611 2419 anno
1623 2364 1683 2417 rit-u
1699 2359 1851 2432 patrissui,

1065 2465 1179 2521 triennio
1188 2472 1249 2534 post
1261 2470 1372 2517 mortem
1386 2459 1478 2513 matris
1491 2472 1556 2511 sum.
1568 2455 1604 2512 Ut
1617 2466 1704 2508 autem
1718 2453 1789 2506 illam
1804 2451 1853 2505 du·

1066 2565 1154 2621 ceret,
1173 2553 1278 2626 quaudo
1296 2553 1330 2607 ah
1348 2551 1406 2621 ejus
1420 2557 1494 2620 patre
1514 2549 1540 2604 in
1562 2546 1778 2616 Mesopotamiam
1798 2559 1854 2599 ser·

1066 2664 1115 2702 aus
1128 2647 1225 2703 missus
1239 2655 1295 2708 est,
1311 2642 1374 2714 quid
1393 2641 1464 2696 aliud
1482 2639 1691 2695 demonstratum
1713 2645 1773 2700 εει,
1794 2649 1854 2688 cum

1067 2738 1153 2794 eidem
1167 2751 1246 2792 servo
1264 2735 1330 2790 dixit
1351 2731 1498 2798 Abraham,
1515 2728 1585 2783 Pone
1608 2743 1709 2781 uranum
1728 2735 1797 2779 tuam
1811 2724 1856 2779 sub

1068 2834 1162 2902 seniore
1179 2843 1252 2891 meo,
1271 2835 1293 2880 et
1315 2823 1439 2897 adjurabo
1453 2832 1476 2876 te
1490 2838 1534 2891 per
1548 2818 1686 2874 Dantinum
1706 2816 1787 2870 Deum
1802 2816 1858 2869 celi

1069 2933 1092 2976 ct
1104 2920 1241 2975 Dominum
1256 2926 1348 2979 terra,
1362 2924 1390 2969 ut
1403 2931 1453 2969 non
1465 2928 1551 2968 sumus
1563 2911 1618 2979 plia
1633 2925 1687 2981 pree
1706 2906 1783 2961 isaac
1796 2923 1858 2961 uuo·

1069 3028 1122 3066 rem
1136 3010 1167 3064 de
1179 3007 1279 3079 filiabus
1297 3005 1499 3062 chananeorum
1519 3000 1603 3073 (Gen.
1618 3014 1691 3064 xxiv,
1704 2998 1739 3065 2,
1753 2997 1793 3068 bl,
1809 2996 1859 3050 nisi

1070 3102 1210 3157 Dominum
1224 3100 1306 3153 Deum
1323 3096 1384 3152 coeli
1403 3104 1430 3150 ει
1452 3093 1591 3148 Dominum
1612 3098 1690 3144 terrie
1711 3088 1738 3142 in
1758 3101 1857 3149 carne,

1070 3207 1129 3264 qum
1152 3206 1186 3246 ex
1208 3189 1253 3245 illo
1276 3189 1378 3243 leniore
1403 3183 1564 3247 trahebatur,
1592 3181 1671 3235 iuuisse
1701 3178 1859 3231 veniturum?

1070 3280 1202 3354 Numquid
1215 3281 1272 3335 haec
1285 3293 1365 3350 parra
1380 3285 1441 3332 sunt
1454 3274 1636 3345 prenuntiatus
1650 3269 1747 3325 indicia
1761 3269 1860 3323 scrita·

1073 3361 1121 3445 us,
1135 3353 1355 3446 quam'aompten
1370 3367 1489 3423 vinetum
1500 3366 1527 3420 m
1540 3364 1646 3421 carisio
1656 3361 1688 3416 ιε

1072 3528 1184 3587 CAPUT
1198 3524 1319 3583 mli.
1333 3554 1369 3568 ·-
1380 3522 1448 3591 Quid
1460 3519 1649 3590 intelliqemlum
1661 3517 1692 3571 sit
1710 3519 1736 3569 in
1751 3531 1780 3570 eo
1795 3515 1862 3584 rpuad

1109 3620 1237 3676 Abrabam
1251 3627 1307 3673 east
1319 3625 1423 3671 ntortcm
1442 3614 1531 3669 Sarroe
1543 3611 1638 3679 accepit
1650 3625 1755 3663 acorem
1770 3607 1863 3663 cethu-

1109 3729 1174 3767 ram.

1109 3844 1178 3914 Quid
1192 3852 1281 3899 autem
1295 3840 1345 3897 sibi
1357 3837 1432 3905 uult,
1446 3835 1517 3906 quod
1530 3833 1665 3891 Abraham
1679 3840 1737 3903 post
1752 3838 1865 3886 mortem
1912 3859 1919 3870 ·

1074 3936 1161 3994 Sarree
1180 3933 1323 3991 cethuram
1338 3930 1413 3986 duxit
1428 3941 1538 3983 uxorem
1559 3924 1614 3998 (a)i
1632 3923 1683 3981 Ubi
1697 3923 1766 3978 absit
1779 3932 1810 3977 ut
1828 3923 1865 3976 in·

1075 4027 1264 4084 continentiam
1273 4023 1448 4094 suspicemur,
1459 4018 1605 4089 presertim
1619 4015 1645 4071 in
1657 4015 1761 4083 illajam
1773 4021 1863 4076 aemte,

1076 4129 1104 4176 et
1123 4119 1150 4174 in
1170 4118 1214 4172 illa
1229 4115 1290 4171 ndei
1311 4113 1460 4169 sanctitate.
1482 4111 1523 4163 An
1543 4107 1631 4162 adhue
1650 4104 1807 4176 procreandi
1821 4104 1866 4158 lllii

1076 4201 1278 4274 querebantur,
1294 4212 1353 4253 cum
1367 4196 1422 4266 jam
1436 4194 1493 4250 Deo
1508 4191 1678 4263 promittente
1693 4197 1764 4242 tanta
1779 4187 1867 4240 multi·

1077 4291 1182 4363 plicatio
1197 4289 1311 4346 liliorum
1331 4302 1366 4343 ex
1380 4287 1453 4341 lsaac
1473 4299 1521 4354 per
1538 4281 1629 4338 stellas
1643 4279 1704 4335 eoeli
1717 4287 1744 4333 ct
1759 4291 1866 4331 arenam

1078 4392 1156 4438 terrae
1176 4380 1228 4437 tide
1251 4376 1437 4450 probatissima
1461 4370 1615 4429 teneretur?
1633 4368 1685 4425 Sed
1707 4367 1827 4438 prolecto
1845 4368 1867 4422 si

1078 4476 1188 4545 ligaret
1200 4470 1305 4536 ismael,
1316 4469 1424 4527 doctore
1434 4464 1572 4535 hpostoio,
1585 4459 1800 4532 significaverunt
1809 4472 1868 4514 ear-

1078 4566 1153 4622 nales
1163 4565 1261 4621 veteris
1271 4559 1433 4620 Testamenti
1443 4557 1538 4628 (Galat.
1549 4572 1584 4623 rr,
1595 4554 1656 4625 11);
1666 4569 1713 4609 cur
1723 4567 1776 4608 non
1788 4552 1867 4607 etiam

1079 4657 1194 4715 Getbura
1206 4666 1234 4712 ct
1246 4655 1292 4710 sulii
1305 4654 1362 4725 ejus
1373 4649 1523 4723 signillcent
1532 4647 1663 4712 carnales,
1676 4645 1719 4715 qni
1731 4659 1760 4701 sc
1772 4642 1807 4699 ad
1819 4643 1869 4698 Te·

1079 4756 1239 4804 stamentum
1254 4759 1351 4800 novum
1365 4740 1517 4797 existimant
1527 4735 1680 4807 pertinere?
1692 4733 1784 4788 hmbae
1794 4732 1869 4802 quip-

1082 4855 1114 4909 pe
1128 4848 1155 4896 ει
1169 4850 1264 4894 uxores
1279 4834 1402 4896 hbrnlne,
1417 4840 1445 4885 et
1458 4827 1613 4884 concubinae
1631 4834 1693 4880 sunt
1706 4822 1847 4893 appeltam
1861 4839 1868 4876 ι

1081 4929 1160 4986 Sarra
1176 4941 1240 4981 vcro
1259 4936 1391 4992 nunquam
1412 4919 1482 4974 dicta
1501 4925 1542 4972 εει
1561 4913 1706 4970 concubina
1718 4912 1740 4965 ¹.
1761 4910 1871 4966 Names

1081 5017 1188 5089 quando
1198 5015 1261 5072 data
1273 5022 1314 5068 εει
1331 5016 1401 5080 Agar
1415 5007 1548 5073 Abrabae,
1569 5007 1605 5059 ita
1617 5004 1744 5072 scriptum
1758 5011 1800 5057 εει
1815 5020 1822 5055 :
1837 4999 1871 5054 Ει

1082 5105 1248 5180 apprehendit
1263 5105 1344 5160 Sarra
1361 5117 1426 5156 usar
1440 5099 1533 5154 Abram
1547 5097 1613 5168 dpsr
1627 5094 1777 5164 AEqpptium
1789 5093 1871 5146 meil-

1083 5202 1135 5255 tam
1147 5214 1234 5262 suam,
1249 5204 1305 5267 past
1320 5192 1405 5246 decem
1419 5205 1499 5243 anuos
1513 5203 1588 5258 marn
1606 5185 1759 5239 habitaverat
1778 5183 1872 5236 Abram

1115 5357 1123 5387 ¹
1141 5355 1178 5404 sic
1187 5359 1245 5402 ιιεε.
1261 5358 1290 5420 tt
1301 5348 1369 5411 edili,
1389 5343 1605 5404 indiciaueritatis,
1627 5355 1681 5410 quas
1700 5337 1818 5404 carttplctr‘
1837 5338 1873 5390 ui-

1084 5416 1184 5468 deamus
1194 5413 1220 5464 in
1230 5413 1331 5463 emmo.

1115 5480 1125 5511 ¹
1143 5483 1167 5526 tn
1179 5475 1250 5525 editis
1260 5472 1363 5533 additur,
1372 5469 1415 5522 sed
1423 5481 1486 5519 usur
1495 5473 1595 5518 tantum.

1115 5581 1152 5644 (a)
1164 5587 1321 5640 hieronymus
1332 5575 1356 5625 in
1374 5571 1550 5622 traditionibus
1563 5567 1684 5618 hebraicis
1695 5563 1774 5638 relert
1782 5574 1873 5637 optutu-

1085 5657 1143 5694 nem
1161 5641 1328 5699 hebreorum,
1349 5634 1537 5688 existimantium
1554 5631 1680 5682 &thurum
1703 5639 1779 5702 nsum
1797 5627 1874 5675 luisse

1088 5716 1158 5769 epar.
1168 5708 1292 5758 cosumus.
