3900 6390
199 123 248 179 sil

198 226 312 295 esebi
321 225 479 293 xiil-itti
487 233 586 290 cumn
594 240 697 307 meliis
702 231 845 302 Stepliniuu
854 231 982 301 apperuit,

237 307 282 375 qui
294 305 410 361 monii
419 306 500 375 ῥιιιιιιι
511 319 584 359 mrim
597 318 614 357 o
626 302 762 385 lenonibus
773 303 940 383 intemetum.

233 376 284 432 Ubi
297 374 401 432 lanius¹
415 384 512 430 nostia
531 372 645 428 ciuitatis
661 387 767 427 nemine
783 371 939 435 ilusiicanns
954 379 981 435 ¹,

198 447 280 501 lilium
293 461 370 500 sumu
385 459 444 499 curn
460 445 510 499 alio
531 443 637 498 lioniiue
650 455 805 513 sueporeos
820 449 965 522 mercamur
973 481 981 502 ,

196 515 396 570 connumeratis
412 513 521 579 solidis,
538 513 644 566 miserat
663 510 718 565 lere
730 510 888 591 adducente
901 509 983 590 millia

197 596 322 655 pamuum
338 603 344 639 :
358 599 470 653 cumque
488 583 637 653 cumplures
651 590 775 652 transacti
798 588 889 660 essent
907 579 981 645 dies,

197 670 284 725 neque
294 654 331 708 illi
344 653 429 708 adbuc
441 652 542 708 reversi
556 651 675 710 luissent.
686 667 700 702 :i
713 648 826 719 quodam
839 663 983 703 amicosne

197 724 271 790 argui
283 733 310 779 et
323 723 451 792 increpari
464 722 561 790 clepit,
581 735 614 775 ee
625 721 694 790 quod
710 720 790 802 lilium
803 734 879 773 suum
894 727 921 800 et
932 718 983 771 bo·

197 795 295 849 minem
317 808 393 848 suum
416 792 442 846 iii
457 803 510 845 iani
530 791 697 860 longinquam
722 804 855 859 regionem
874 797 983 870 ‘mittero

198 863 337 925 iuliiisset,
352 876 420 932 quos
437 861 492 931 jain
504 875 518 912 a
531 859 676 914 lati-onibus
692 860 795 914 occisos
807 873 836 913 se
854 856 921 911 dixit
933 873 981 911 nu-

195 932 276 986 disse.
290 931 348 1000 Quo
360 931 459 996 audito,
472 930 515 985 ille
525 930 599 998 «quasi
610 928 752 985 miserabili
767 928 837 981 luctu
847 927 982 1008 perculsus

196 1004 304 1057 ilnuuim
324 1001 390 1056 tlens
404 1001 546 1081 lugensque
560 1012 695 1069 regressus
709 1007 759 1079 est.
785 997 920 1066 lacrymis
935 1013 984 1064 pre

195 1072 255 1125 cilio
271 1079 323 1126 iota
335 1079 425 1140 pastris
437 1080 477 1124 est
488 1069 541 1124 die.
554 1066 655 1122 interea
667 1082 727 1121 eum
738 1080 776 1122 sie
790 1081 840 1119 uox
856 1081 915 1121 euni
932 1080 981 1134 ep·

196 1155 316 1209 pressum
330 1140 451 1195 uieiruris
463 1139 579 1193 tenebris
592 1137 752 1200 iiiienisset,
766 1151 829 1191 ecce
842 1150 890 1204 per
907 1149 980 1190 sorii-

196 1210 267 1263 iiiiini
281 1211 350 1265 viriet
364 1209 413 1263 sibi
424 1223 551 1290 apparere
562 1206 702 1287 quemdam
713 1206 837 1287 decomiii
844 1205 980 1288 jevenem.

194 1279 331 1348 cujusdam
345 1279 466 1333 liunorati
478 1277 489 1309 ⁸
501 1288 528 1332 ei
546 1278 664 1348 primarii
679 1277 792 1331 ciuitatis
804 1291 853 1329 riri
876 1288 982 1330 nomine

194 1347 330 1404 Uzaleiisis
346 1349 444 1402 iulium
461 1347 579 1402 habitum
599 1360 632 1400 ue
653 1346 853 1415 praeferentem,
869 1359 983 1426 eumque

195 1417 274 1494 bilqri
296 1418 362 1472 iacie
380 1417 429 1472 sibi
449 1416 567 1472 dixisse:
580 1363 650 1484 duro
673 1416 779 1486 ploras?
795 1414 982 1496 ‘Respondi-sse

194 1497 284 1543 autem
299 1503 338 1548 se.
352 1496 380 1540 ut
393 1488 475 1555 ipsius
489 1495 548 1541 utar
558 1486 720 1555 simplicibus
729 1483 854 1558 verbis‚¹:
871 1485 982 1539 bomine

195 1568 287 1621 inens,
303 1572 349 1627 per
362 1557 506 1612 bonitatem
526 1566 597 1610 tuam
620 1555 680 1610 idco
698 1555 787 1623 ploro,
813 1554 873 1623 quia
892 1553 986 1608 audiri·

194 1627 263 1694 quod
279 1630 357 1682 liomo
381 1634 495 1681 incuset
509 1625 579 1680 tilius
603 1640 678 1679 meus
699 1624 778 1678 occisi
800 1634 870 1677 suni.
891 1623 981 1707 atille

193 1697 336 1753 consolans
356 1711 417 1751 cum
436 1697 473 1750 ait
488 1695 525 1750 lili
540 1712 547 1747 τ
567 1695 623 1750 Νοιι
638 1693 917 1749 adamantinum
935 1709 980 1775 qui

193 1781 251 1818 sinii
260 1782 320 1836 ego,
335 1765 441 1820 aitlllle
451 1763 588 1847 respondit
597 1782 609 1817 ε·
619 1764 733 1819 boninus
748 1761 978 1844 ineusllialeusis.

193 1835 265 1891 Bene
279 1854 285 1889 x
299 1838 336 1890 ait
348 1837 403 1904 ipse
413 1835 434 1901 ⁸,
449 1835 549 1901 dixisti,
561 1835 622 1905 qoia
636 1834 771 1890 Uzaleusis
783 1847 851 1890 suni.
868 1831 980 1888 sednon

192 1920 251 1958 suni
263 1906 319 1974 ipse
328 1921 405 1972 quein
438 1913 498 1961 atas
509 1921 515 1956 :
526 1918 576 1975 ego
588 1904 658 1959 enirn
669 1918 727 1957 suin
738 1900 896 1984 Stephanus.
910 1900 981 1958 Saue

193 1974 263 2029 uude
277 1975 358 2029 tristis
372 1990 402 2030 cs
415 1920 448 2030 de
463 1973 517 2027 lilio
530 1981 574 2028 tuo
594 1982 622 2028 et
632 1973 738 2027 bomine
752 1981 797 2027 too
806 2014 814 2037 ,
823 1985 897 2053 'scias
905 1971 980 2054 qued

191 2046 244 2110 jani
257 2044 306 2098 linc
320 2044 417 2098 liabent
429 2044 569 2098 redeuntes
578 2042 680 2098 taciem.
693 2041 758 2096 Nam
769 2041 864 2097 dedisti
874 2041 927 2096 illis
936 2055 981 2096 so·

192 2113 261 2168 lidos
282 2114 372 2183 riginii
386 2115 512 2183 quinque,
526 2113 633 2182 insuper
647 2120 734 2166 autem
749 2119 908 2180 acceperuut
919 2125 979 2166 cre·

191 2182 272 2237 diram
284 2187 420 2252 pecuniam
434 2196 514 2252 prope
524 2183 613 2253 viginti
622 2181 798 2247 millialnlles,
808 2190 836 2236 et
845 2179 979 2237 adducunt

191 2266 280 2306 secum
306 2267 399 2317 porcos
421 2266 532 2307 numero
554 2252 872 2333 quadragintaquatuor,
885 2264 978 2306 ornnes

190 2322 299 2377 electus.
314 2322 424 2377 Venient
433 2332 521 2376 aulem
534 2321 577 2377 die
586 2322 764 2376 Romanorum
775 2322 898 2386 civitatis,
912 2320 977 2376 liora

191 2393 287 2461 prima.
303 2391 364 2446 ilaec
378 2392 464 2461 itaque
477 2393 565 2445 onmia
579 2393 645 2447 sieut
660 2407 707 2462 per
718 2392 849 2445 somnium
862 2391 977 2446 revelata

190 2471 263 2526 suni,
277 2461 312 2516 ita
326 2471 415 2530 postca
428 2476 455 2514 re
466 2462 521 2528 ipsa
531 2462 660 2531 completa
674 2470 745 2515 suut.
757 2461 876 2542 Namque
888 2470 915 2513 et
926 2460 977 2515 bo-

190 2532 278 2587 rniucs
293 2531 437 2586 incolumes
451 2530 552 2585 reversi
573 2540 651 2595 sunt,
674 2538 702 2584 ct
722 2545 792 2600 porei
808 2539 978 2610 tot-numero

190 2600 311 2663 adducti,
326 2609 353 2656 et
366 2615 468 2655 suumn
490 2601 608 2668 pecuniae
628 2599 736 2655 credita
749 2599 841 2656 eadem
855 2610 973 2663 iuventa,

190 2678 218 2724 et
230 2668 288 2725 dics
303 2670 420 2738 lioraque
442 2669 569 2725 adieutus
590 2669 694 2725 illorum
715 2670 837 2740 predicta
852 2671 909 2725 sine
924 2669 977 2724 iillo

190 2754 299 2811 prorsus
308 2757 398 2795 errore
411 2753 449 2794 esi
465 2747 614 2796 consecuta.

203 2951 204 2956 ¹
221 2935 230 2965 ¹
248 2934 283 2984 sie
301 2935 371 2995 inira
390 2934 569 2984 lovaniensium
588 2933 729 2985 editionem.
752 2940 777 2984 iii
788 2942 824 2994 is,
839 2933 973 2987 iiitlniees.

189 2992 271 3045 tielior
282 2995 362 3057 procul
373 2995 447 3044 dubio
458 2993 530 3046 lenio
544 3001 609 3052 ior..
626 3009 682 3059 quae
697 2998 718 3046 si
734 3010 783 3047 non
794 2999 891 3048 omnino
902 2998 976 3070 liqui-

188 3055 254 3115 dem,
268 3055 470 3120 qualemcumque
491 3063 572 3107 taiiieii
590 3069 688 3108 sensnm
708 3057 808 3120 proteri,
824 3058 881 3108 dein
903 3059 975 3110 lectio

189 3115 714 3230 cinerumque
745 3135 773 3170 ι·

299 3191 305 3223 ι
337 3190 350 3225 ι)
372 3192 379 3200 “
446 3214 452 3226 .
628 3214 634 3228 .
743 3197 747 3205 “

220 3237 231 3269 ⁸
247 3243 279 3286 ita
291 3235 445 3287 floriacensis
454 3210 637 3312 manusoeiptiis.
646 3240 704 3292 iiiiii
717 3254 786 3302 rero,
798 3243 903 3296 ιιοιιοτιι.
947 3301 952 3314 ,

218 3297 231 3390 2
246 3296 973 3410 irljiriaclrznsisiiuqequerpondineomemiemppliiiluroerbts

279 3366 321 3409 itio
362 3373 396 3419 ι.,
450 3393 458 3410 .

847 114 946 174 illisit
963 114 1150 175 ssebuobs.

1765 126 1837 183 wir

1034 227 1147 284 caius
1159 227 1217 282 XV.
1227 259 1263 270 -
1275 227 1313 285 Dr
1324 230 1428 301 pervolo
1448 232 1492 302 prii
1503 232 1694 289 mterditnirsiu
1705 248 1819 293 siortiiiis

1069 309 1122 362 cii,
1135 308 1158 351 et
1172 298 1265 354 iiierltir
1277 301 1358 354 roseti
1375 299 1502 370 Stephani
1520 304 1597 365 ιιιιιιιι,
1608 305 1679 361 ninas
1691 310 1820 365 mutatur

1068 377 1114 420 ιιι.

1070 436 1097 492 i.
1112 435 1253 504 Cuiusdam
1266 438 1386 494 mulieris
1396 439 1464 495 lilius
1478 442 1601 511 paruulus
1615 452 1735 499 mortuiis
1747 455 1820 504 rate·

1034 505 1180 560 cliumenus
1193 516 1260 561 erat.
1273 508 1323 575 Qui
1338 509 1430 562 reatris
1442 520 1560 577 portatus
1570 512 1692 568 inanibus
1711 518 1822 572 cumin-

1034 575 1105 642 gcuti
1114 575 1211 642 ejulatu
1220 585 1248 630 et
1256 578 1396 632 miserabili
1404 581 1590 636 uociferatione
1598 592 1658 637 ante
1667 583 1750 650 ipsam
1763 583 1819 640 bie-

1035 647 1145 698 moriam
1160 644 1266 714 gloriosi
1281 645 1408 716 Stepliani
1424 648 1472 702 luit
1484 653 1627 718 projectus,
1642 652 1761 708 tradente
1775 656 1818 710 illa

1035 723 1176 778 morimini,
1191 725 1219 769 ut
1231 715 1308 770 abeo
1321 717 1450 785 reciperet
1459 719 1555 773 vivum.
1566 720 1686 790 Cumque
1695 724 1727 776 ail
1741 740 1819 780 aures

1035 783 1118 837 Amici
1135 783 1180 839 bei
1193 785 1309 853 pulsaret
1319 784 1369 841 ilde
1384 789 1497 857 pietatis.
1508 804 1632 859 percussa
1640 789 1736 860 duplici
1748 794 1819 850 ιιιτιιι

1033 853 1164 916 orbitatis,
1177 853 1247 923 quod
1258 863 1285 909 et
1299 855 1325 908 iii
1340 857 1462 937 praesenti
1477 858 1624 914 vitabilem
1639 863 1793 930 poi-didisset
1808 904 1816 929 ,

1033 929 1061 975 et
1073 921 1099 975 in
1112 922 1209 986 lutura,
1224 933 1314 993 utpote
1327 940 1385 980 siue
1395 927 1477 995 gratia
1499 928 1642 998 baptismi,
1657 931 1756 986 salium
1770 933 1818 987 liii·

1034 990 1099 1045 berc
1123 1008 1175 1047 uon
1225 1003 1290 1060 sset,
1305 1008 1367 1050 ecce
1380 995 1449 1050 iuter
1462 996 1507 1052 diii
1522 998 1689 1055 lamentantis
1702 1011 1729 1056 et
1743 1006 1816 1058 ioci-

1033 1058 1143 1116 Ieranlis
1152 1061 1188 1116 do
1198 1077 1271 1118 orem
1283 1072 1311 1118 et
1323 1065 1464 1120 clamorem
1478 1068 1583 1123 miserie
1594 1071 1696 1132 matris,
1710 1084 1818 1142 repento

1033 1131 1142 1192 paruulo
1155 1132 1262 1200 spiritus
1276 1132 1410 1197 redditur,
1423 1136 1476 1189 sita
1495 1137 1634 1206 tribuitur,
1650 1156 1700 1194 ior
1720 1144 1817 1198 siveriti

1032 1199 1196 1258 conceditur.
1207 1201 1339 1258 Continm
1352 1204 1490 1276 presbyter
1501 1209 1655 1276 accersitur,
1669 1210 1820 1278 Baptismus

1034 1270 1142 1336 parvulo
1154 1270 1275 1334 traditur,
1286 1285 1521 1331 sacramentorum
1541 1275 1639 1344 lentur,
1651 1288 1730 1348 atque
1744 1282 1778 1335 iia
1802 1298 1819 1339 a

1032 1347 1199 1408 peecatorem
1212 1339 1303 1396 lethali
1312 1344 1499 1401 catenanuima
1509 1345 1526 1400 li
1562 1350 1726 1412 reinstetin
1738 1352 1817 1407 etiam

1033 1409 1152 1463 mortalis
1169 1411 1257 1466 caruis
1269 1410 1374 1466 uinculo
1386 1414 1510 1481 exuitur,
1525 1424 1552 1470 et
1563 1417 1597 1471 ad
1610 1418 1655 1472 bei
1669 1420 1818 1488 spirituales

1032 1478 1170 1547 amplexus
1182 1493 1283 1534 semma
1299 1482 1436 1538 celeritate
1451 1483 1560 1539 liberata
1577 1487 1727 1543 dimittitur.
1744 1489 1778 1546 lta
1791 1504 1819 1547 et

1032 1548 1109 1601 matri
1123 1563 1175 1602 nou
1191 1550 1293 1605 modica
1306 1552 1485 1608 consolatione
1502 1569 1629 1612 concesse
1645 1558 1760 1627 gaudere
1783 1562 1818 1616 de

1031 1616 1146 1672 redditio
1159 1618 1214 1672 tilio
1225 1619 1303 1674 daun
1311 1622 1332 1686 ¹,
1344 1631 1370 1675 et
1381 1623 1490 1690 parvulo
1500 1625 1572 1680 salus
1583 1642 1643 1682 vera
1654 1630 1816 1686 conceditur.

1031 1684 1086 1752 Qui
1097 1686 1215 1755 proiecto
1225 1690 1260 1742 oli
1274 1691 1323 1744 linc
1335 1692 1367 1744 ad
1381 1692 1512 1747 modicum
1525 1695 1604 1750 vitain
1618 1697 1728 1778 recepit,
1743 1717 1776 1754 uc
1790 1704 1817 1757 iii
1919 1693 1921 1698 ’

1031 1765 1159 1812 aeternum
1175 1770 1337 1824 moreretiir;
1351 1761 1385 1816 ob
1396 1761 1445 1818 boe
1457 1762 1490 1817 nd
1505 1773 1607 1833 tenipus
1622 1782 1689 1821 mori
1703 1770 1817 1834 meruit,

1032 1832 1061 1879 ut
1075 1827 1127 1880 viia
1144 1837 1266 1896 perpetua
1282 1830 1413 1884 iruereiiir
1428 1832 1476 1900 (ni.
1692 1892 1695 1897 ,

1066 1895 1093 1948 2.
1110 1896 1171 1951 linc
1185 1897 1289 1953 interim
1299 1899 1332 1954 de
1345 1901 1434 1955 multis
1446 1912 1472 1956 et
1487 1917 1553 1971 pene
1567 1903 1675 1968 induitis
1685 1909 1817 1965 miraculis

1031 1966 1155 2034 pauciora
1176 1966 1374 2037 decerpsimus,
1400 1986 1433 2026 iie
1458 1973 1483 2026 in
1506 1976 1628 2044 presenti
1653 1977 1817 2034 auditoribus

1032 2044 1140 2104 prepter
1157 2035 1324 2093 festivitatem
1338 2038 1457 2111 biariyris
1470 2039 1503 2096 de
1517 2043 1659 2114 longinquo
1672 2048 1815 2104 nereidem·

1031 2103 1102 2159 tibus
1116 2104 1225 2160 iorsltau
1247 2109 1319 2162 oueri
1344 2125 1576 2180 essepossenuis.
1596 2114 1727 2172 Ceterum
1746 2121 1816 2188 quod

1031 2174 1108 2227 nobis
1119 2175 1301 2232 difficillimum
1314 2190 1363 2231 esi.
1388 2181 1410 2234 si
1426 2184 1512 2235 uiiinia
1529 2184 1660 2239 recordari
1680 2202 1711 2240 ac
1725 2202 1817 2244 reccu-

1031 2257 1107 2308 sere,
1123 2254 1151 2298 ιιι
1165 2248 1287 2314 superius
1299 2247 1396 2303 dictiiiu
1411 2260 1468 2316 cst,
1483 2254 1623 2320 relicinus,
1639 2256 1734 2310 iibriuu
1755 2273 1817 2328 pru·

1030 2311 1110 2368 liiimn
1130 2314 1288 2372 laceremus.
1302 2319 1375 2387 ipsas
1388 2322 1458 2375 eiiini
1477 2323 1626 2379 notissimas
1637 2327 1813 2382 clarissimas·

1029 2398 1081 2453 que
1095 2387 1206 2440 virtutes
1219 2385 1254 2441 ad
1275 2389 1488 2456 predicationem
1508 2393 1547 2447 sui
1566 2394 1672 2451 sibimet
1693 2396 1816 2454 sulilecro

1029 2455 1229 2519 existimamus,
1244 2472 1303 2526 qum
1326 2474 1377 2513 iiou
1392 2460 1510 2530 indigerit
1531 2463 1652 2518 liiimanae
1665 2466 1767 2536 lingum¹
1780 2471 1817 2521 lu·

1029 2525 1142 2591 coliate,
1159 2527 1281 2594 quoniam
1296 2531 1440 2598 prevalent
1453 2531 1549 2586 ilisitiic
1570 2535 1694 2602 potentie
1715 2539 1817 2607 perspi·

1029 2605 1078 2646 cua
1101 2595 1219 2649 veritate.
1244 2596 1428 2654 lieniuitanien
1452 2601 1619 2658 devotionem
1642 2615 1757 2660 nostiam
1781 2609 1814 2662 τιιι

1029 2661 1228 2718 {edificationem
1246 2665 1354 2721 lrairuni
1379 2669 1405 2722 iri
1427 2671 1534 2726 nomine
1554 2671 1707 2744 Cliristi'eir
1729 2675 1814 2748 aliqua

1030 2741 1103 2799 parte
1115 2733 1241 2789 exhibere
1252 2737 1393 2801 voluimus,
1410 2750 1436 2792 ιιι
1452 2751 1566 2808 paternae
1576 2744 1732 2799 obedientias
1745 2764 1816 2802 iuer·

1029 2800 1120 2856 cedem
1134 2803 1401 2862 orationibusvesiris
1411 2809 1529 2877 recipere
1538 2823 1565 2865 ei
1578 2813 1686 2882 gloriosi
1701 2815 1815 2884 Steplia·

1028 2870 1067 2936 ni,
1082 2872 1159 2940 primi
1173 2875 1248 2928 testis
1261 2873 1370 2940 Christi,
1384 2877 1596 2935 benedictionem
1610 2883 1714 2939 invente
1725 2885 1814 2942 diviua

1028 2941 1210 2997 misericordia
1226 2945 1356 3012 possimus
1370 2946 1532 3016 impetrare:
1551 2965 1598 3019 per
1611 2951 1745 3008 Christum
1761 2957 1813 3009 llo-

1028 3012 1129 3067 miuuin
1141 3023 1272 3080 nostrum,
1282 3019 1324 3070 ciii
1337 3024 1378 3071 est
1391 3017 1476 3072 bonor
1488 3027 1514 3073 et
1524 3019 1607 3090 gloria
1621 3021 1646 3076 iu
1656 3024 1751 3080 saecula
1761 3041 1815 3080 sn·

1028 3081 1157 3136 colorum.
1174 3085 1269 3137 brnen.

1059 3233 1069 3264 ¹
1085 3231 1330 3286 sicrloiiaeensisiis.
1340 3244 1368 3285 ιι
1379 3236 1448 3298 editi,
1458 3238 1490 3290 iic
1499 3240 1622 3305 redenipto
1631 3241 1682 3307 filio
1691 3247 1772 3296 detur.

1057 3313 1095 3423 gii)
1113 3312 1597 3388 uiramlumistuiireiertiiugiistlimsln
1608 3330 1723 3377 sermone
1744 3327 1792 3378 523

1025 3386 1050 3423 n.
1077 3381 1128 3434 ,et
1145 3382 1296 3426 inserinone
1314 3377 1369 3428 ast.

605 3564 840 3672 LIBER
873 3567 1292 3677 sescuplis
1328 3572 1389 3682 (ι).

894 3757 1100 3812 &illiciendo

187 3871 298 3930 CdPUT
312 3872 498 3932 Pnlbbii.-
508 3876 631 3944 allocutio
645 3880 676 3934 de
689 3881 753 3936 libro
766 3883 844 3937 altero
857 3884 891 3936 nd
903 3896 971 3952 proe·

422 3945 548 4003 cedentem
560 3948 732 4021 adjungendo.

222 4052 294 4108 liene
308 4068 412 4110 mecum
427 4057 521 4112 recolit
541 4058 671 4116 Sanctitas
691 4072 794 4128 restra,
812 4062 971 4118 sanctissimi

205 4133 276 4176 atres
288 4132 314 4177 ct
327 4123 437 4186 iratres.
451 4127 593 4197 quodcum
606 4130 634 4184 in
647 4142 777 4187 conventu
786 4142 883 4189 nostrae
893 4133 972 4204 buius

187 4135 325 4248 deniensis
339 4193 464 4251 Ecclesiae
478 4196 515 4266 (ι)
528 4213 587 4252 cuin
603 4200 612 4231 ¹
631 4199 730 4257 domini
749 4201 875 4272 Stephani
894 4203 970 4273 primi

187 4262 312 4333 martyris
324 4259 421 4319 Cbrisii
441 4266 569 4322 miracula
591 4267 861 4342 tideliterdescriptn.
881 4283 908 4329 ct
920 4288 971 4342 pii·

187 4330 253 4385 blica
266 4335 434 4389 attestatione
448 4338 628 4406 comprobata,
642 4349 704 4395 ante
717 4341 766 4396 lioc
778 4351 882 4412 tempus
897 4343 971 4404 iobis

186 4400 231 4465 riui
244 4400 364 4458 noluistis
375 4405 408 4458 de
421 4404 526 4473 publico
538 4409 721 4477 recitarentur,
738 4415 788 4468 boc
799 4428 903 4483 quoque
916 4414 972 4482 ple-

187 4470 303 4526 nissimae
317 4474 499 4543 gratulationis
513 4491 616 4543 munus,
631 4481 787 4550 ipsobmico
800 4483 856 4543 bei.
873 4493 902 4538 ut
913 4496 971 4539 cre·

186 4538 290 4606 dimus,
304 4552 477 4624 procurante,
493 4546 631 4603 Dilectinui
653 4559 747 4606 uestrae
765 4551 927 4618 exhibitum,
942 4561 972 4610 ut

187 4619 248 4691 post
260 4613 442 4671 recitationem
455 4614 603 4673 divinorum
613 4633 721 4690 operum
735 4630 969 4693 atquegestomm,

187 4693 302 4745 ipsauim
327 4683 406 4738 ctiam
430 4697 600 4754 personarum
622 4689 648 4745 iii
673 4689 767 4759 quibus
785 4693 970 4749 illumirabilin

187 4749 265 4814 laeta,
278 4765 450 4823 quecumque
462 4754 487 4808 in
501 4758 624 4826 presenti
638 4760 746 4828 reperiri
759 4771 910 4830 potuerunt,
923 4763 971 4818 de·

188 4821 345 4874 monstratio
358 4825 493 4893 perspicua
507 4835 533 4880 et
543 4827 673 4895 professio
687 4832 802 4900 propria,
818 4847 869 4884 non
884 4832 970 4888 sulum

187 4887 237 4940 scri
257 4888 291 4942 tis
303 4892 399 4945 nostris
411 4895 589 4951 testimoninm
601 4898 777 4968 perhiberent,
790 4916 880 4955 ierem
890 4903 970 4958 etiam

151 4959 161 5034 ¹l
187 4904 270 5011 nafis
293 4960 493 5032 aspectibusque
513 4969 608 5022 restris
626 4967 705 5025 iidem
724 4971 841 5025 veritatis
865 4971 970 5041 ingere·

151 5067 157 5086 ,
187 5035 256 5106 rent.
271 5025 345 5083 Unde
360 5029 455 5085 lactum
469 5042 510 5086 cst
522 5043 560 5101 ut,
574 5036 636 5091 doni
656 5039 719 5120 ipse
732 5041 842 5097 virtutes
860 5040 907 5096 oei
921 5057 969 5098 re·

187 5101 249 5149 stris
269 5097 376 5152 auribus
397 5101 517 5168 primitus
546 5119 594 5172 per
617 5105 756 5164 lectionem
770 5110 969 5177 intimarentur,

186 5163 266 5220 ctiam
278 5167 376 5223 risibus
387 5171 482 5224 restris
494 5175 596 5228 oculata
606 5177 617 5206 ¹
629 5176 681 5232 lide
693 5189 925 5248 presentarentur,
941 5190 971 5237 et

219 5320 228 5351 ¹
245 5320 375 5381 uedundat,
387 5336 450 5374 nnn.

217 5381 228 5412 ¹
244 5379 371 5434 ulimmerii
382 5385 469 5443 eolles,
478 5385 591 5437 οιιιιιαιιι.

219 5441 244 5498 lo
272 5444 345 5493 abest
355 5456 370 5494 a
381 5445 522 5495 llorioeensi
537 5455 577 5498 iis.

218 5502 243 5564 (b
268 5503 332 5554 coni.
345 5518 426 5568 supra,
439 5504 481 5555 lib.
491 5506 521 5556 ἓ
531 5512 563 5558 ile
580 5511 647 5561 ciiii.
659 5515 712 5573 bei,
723 5527 777 5580 rap.
789 5517 813 5580 8,
824 5533 848 5570 n.
862 5520 901 5572 21.

403 5588 515 5650 Since.
539 5594 676 5657 brionis.
699 5599 766 5659 vll.

1023 3877 1088 3935 illud
1102 3880 1129 3934 in
1139 3880 1215 3938 iobis
1225 3884 1296 3954 qnod
1311 3885 1338 3940 in
1359 3887 1466 3944 Psalmo
1477 3891 1604 3960 seriptum
1619 3901 1811 3970 es1,comple.

1023 3958 1107 4014 retur,
1122 3951 1195 4005 Sicut
1205 3953 1357 4023 andivimus,
1368 3957 1403 4010 ιἰιι
1417 3970 1440 4011 et
1454 3961 1562 4016 vidintur
1574 3963 1659 4032 (Ριιιι.
1675 3983 1755 4028 xiiii.
1769 3973 1810 4044 ti).

1022 4018 1158 4074 Eretriam
1180 4035 1212 4076 ue
1226 4023 1253 4077 in
1267 4034 1338 4078 tinia
1353 4041 1382 4081 re
1395 4029 1512 4085 coelesiis
1526 4033 1617 4102 glorie
1632 4042 1811 4106 spectaculum

1021 4089 1130 4212 grande.
1154 4036 1204 4147 flii
1227 4094 1298 4148 enim
1321 4098 1537 4177 pronuntiaverat
1561 4104 1645 4160 lector
1665 4112 1811 4177 quamlibet

1042 4167 1176 4223 istoriam,
1193 4163 1265 4217 terbi
1280 4175 1365 4233 gratia
1389 4168 1512 4236 primitus
1532 4172 1566 4228 de
1585 4175 1698 4244 quadam
1721 4196 1810 4248 caeca,

1023 4238 1115 4298 postea
1129 4228 1274 4287 illuminata
1289 4233 1339 4307 (a),
1354 4237 1443 4292 statim
1465 4242 1604 4298 terminato
1617 4259 1739 4304 sermone
1754 4251 1812 4306 bec

1022 4297 1114 4353 eadem
1139 4314 1250 4371 persona
1263 4303 1389 4426 requisita
1404 4307 1429 4361 iu
1445 4311 1550 4380 pupulo,
1564 4325 1591 4368 et
1606 4315 1720 4381 inventa,
1736 4328 1764 4375 et
1784 4320 1813 4379 ili

1022 4367 1138 4422 medium
1152 4371 1238 4426 omnis
1253 4372 1377 4430 Eceesire
1399 4378 1546 4449 producta,
1569 4384 1760 4443 admirantibus
1783 4401 1811 4444 et

1022 4439 1274 4561 eoqgratulautibus,
1288 4443 1427 4503 videbatur
1439 4449 1494 4504 sola
1505 4451 1559 4521 jain
1573 4454 1631 4509 sine
1645 4456 1697 4511 ullo
1712 4459 1809 4516 comite

1022 4520 1053 4561 ac
1082 4522 1140 4575 oce,
1153 4509 1222 4566 sicut
1241 4512 1315 4580 prius
1327 4515 1439 4586 solebat,
1454 4520 1594 4588 incedere,
1610 4525 1717 4594 ipsaque
1730 4528 1809 4586 etiam

1023 4591 1070 4645 per
1082 4591 1112 4632 se
1123 4580 1221 4661 gradus
1233 4582 1333 4639 abside
1344 4589 1544 4653 conscendens,
1560 4593 1692 4650 universis
1705 4599 1810 4655 eminus

1021 4647 1206 4717 conspicienda
1221 4653 1339 4720 astabat,
1364 4665 1392 4711 et
1413 4659 1590 4714 testimouium
1613 4663 1639 4717 in
1661 4679 1690 4720 se
1711 4665 1810 4724 divinas

1021 4718 1130 4840 fmuae’
1145 4720 1260 4791 ipsorum
1276 4739 1383 4778 suorum
1404 4726 1594 4786 illuminatione
1608 4734 1744 4790 oculorum
1765 4752 1811 4793 ee·

1033 4786 1068 4842 uti
1084 4787 1198 4844 ddelium
1214 4792 1318 4846 testium
1331 4796 1407 4848 incita
1418 4798 1530 4865 quadani
1553 4802 1739 4870 predicatione
1747 4822 1809 4876 pro·

1021 4855 1160 4912 clamabat.
1173 4858 1236 4914 item
1245 4875 1304 4916 euin
1317 4863 1351 4918 de
1372 4867 1514 4938 paralytico
1523 4880 1615 4925 sriuato
1629 4875 1717 4930 moltis
1730 4886 1808 4932 antea

1021 4929 1128 4996 cognite
1153 4931 1287 4997 praecessit
1311 4931 1388 4986 lectio
1405 4934 1442 5007 (l)
1456 4976 1463 5001 ,
1475 4940 1599 4994 contiuuo
1619 4941 1687 4997 idern
1711 4947 1755 5015 qui
1775 4948 1810 5004 ab

1022 4996 1152 5063 eliisniodi
1167 4998 1318 5055 infirmitate
1336 5001 1421 5058 inerat
1442 5018 1558 5074 curatus,
1570 5010 1691 5068 similiter
1710 5017 1810 5083 predu-

1021 5072 1102 5120 cluse
1115 5068 1211 5146 populo
1225 5071 1339 5140 propriis
1362 5073 1485 5141 gradieris
1507 5078 1637 5147 passibus,
1657 5097 1717 5139 cuni
1729 5088 1809 5142 totius

1021 5132 1148 5190 Ecclesia
1162 5152 1257 5206 magno
1270 5139 1366 5208 gaudio
1388 5146 1556 5216 ceriieliaior,
1570 5152 1700 5218 prunonio
1713 5155 1808 5213 diviua

1021 5202 1107 5258 laudis
1119 5206 1275 5286 quibusdam
1297 5219 1448 5268 contestans
1472 5218 1645 5298 pilpnbilibus
1661 5223 1807 5281 documen-

1027 5273 1071 5337 tis,
1085 5273 1149 5356 ipsis
1161 5278 1260 5331 sanatis
1279 5279 1321 5334 sui
1332 5296 1379 5337 cor
1398 5285 1451 5338 uris
1472 5289 1580 5357 integris
1592 5293 1726 5348 membris.
1741 5298 1805 5351 llum

1022 5341 1080 5397 baee
1090 5352 1178 5414 itaque
1191 5358 1355 5419 gererentur,
1385 5360 1807 5435 umqueeuoeedeniqeetcrupo·

1053 5467 1080 5592 {g
1106 5470 1233 5580 ssupralib.
1251 5474 1273 5532 l,
1290 5478 1378 5539 espa.

1123 5543 1182 5595 tlprll
1193 5532 1235 5583 lib.
1250 5536 1272 5596 l,
1282 5549 1334 5600 cap.
1351 5537 1374 5588 9..

1434 5624 1663 5709 (Vinci-sept.)
