3900 6390
160 246 214 302 nst

161 356 287 429 credunl;
309 362 361 422 hoe
386 369 463 426 nobis
484 387 564 429 unum
584 377 686 447 grande
709 380 866 439 miraculum
889 385 944 441 sui-

162 449 233 516 lleit,
257 454 328 520 quod
341 471 398 512 earn
421 469 550 518 terrorum
564 466 637 522 orbis
650 467 708 525 sine
729 471 790 527 uilis
810 475 944 533 miraculis

160 540 284 597 eredidit.

162 646 275 708 CAPUT
294 655 339 711 vi.
360 682 393 698 -
413 659 487 727 Quod
502 663 582 719 llomo
594 668 744 726 tondberem
758 689 832 728 suum
848 675 943 732 llornrr·

197 739 248 795 lum
260 742 386 816 diligendo
398 749 472 804 deum
484 755 589 823 fecerim·
602 756 714 815 Ecelerio
724 774 807 819 uatem
819 764 945 824 Christum

198 829 280 888 Deum
295 837 304 868 ¹
318 839 440 895 credendo
454 843 578 900 dilexerit.

198 926 224 981 l.
238 927 395 989 lleeulamus
405 936 485 992 etiarn
498 939 548 996 hoc
562 942 620 998 loco
633 944 697 1000 illud
710 949 780 1017 quod
793 949 826 1005 de
839 951 945 1009 Romuli

161 1017 262 1074 eredita
272 1019 405 1082 diuinitate
413 1026 763 1094 'l'ulliusodmiratunlerba
773 1040 830 1109 ejus
840 1044 944 1100 uiscri-

162 1115 207 1178 pta
217 1120 288 1180 sutri,
301 1112 413 1171 inseram
424 1135 431 1171 ι
443 1118 526 1192 blopis
535 1133 582 1192 ert,
594 1125 686 1196 inquit,
702 1128 728 1183 in
743 1129 850 1188 Roneulu
860 1137 943 1190 oemi-

162 1198 280 1262 rendum.
294 1204 362 1273 quod
372 1209 456 1262 coetui
465 1211 508 1279 qui
521 1212 558 1266 dii
567 1230 599 1269 eu
610 1215 749 1274 bontiuilur
761 1223 822 1291 [acti
841 1241 892 1278 este
903 1226 944 1280 di·

161 1300 263 1359 cuutur,
274 1294 356 1349 miuus
363 1298 466 1354 eruditis
476 1301 604 1359 bominum
615 1309 713 1364 curulia
728 1315 840 1382 sumunt,
855 1325 882 1369 ut
895 1317 944 1386 pn·

162 1382 238 1450 pendi
257 1387 410 1454 proeliuior⁸
429 1402 491 1447 esset
513 1396 587 1460 rotie,
610 1415 666 1453 eum
687 1401 796 1474 imperiti
819 1408 894 1479 [urile
909 1410 945 1466 orl

161 1471 314 1530 eredendum
326 1478 521 1550 impellerentur.
537 1486 638 1544 Romuli
650 1500 732 1548 autem
748 1505 846 1552 oetatem
860 1491 945 1555 ¹nriuut

162 1561 203 1616 bia
215 1567 338 1623 sexcentis
349 1571 421 1626 oncis
434 1571 471 1644 lo)
487 1577 545 1646 inm
557 1579 697 1638 inueterotit
715 1584 803 1643 litteris
814 1599 888 1661 etque
899 1591 945 1647 do·

162 1655 267 1722 clritus,
283 1661 398 1732 omnique
411 1663 422 1697 ¹
435 1665 479 1721 illo
493 1670 595 1740 outiquo
607 1689 638 1727 ee
649 1674 743 1730 inculto
756 1679 883 1736 bominum
894 1685 945 1739 tuito

162 1760 247 1801 errore
255 1749 353 1807 rabloto
364 1757 441 1825 [uiue
453 1760 585 1816 cernimur.
599 1763 632 1818 Et
644 1766 722 1835 paulo
733 1778 793 1839 posi
803 1772 837 1828 de
849 1773 944 1831 eodem

162 1837 277 1895 llonrnlo
290 1842 326 1898 ita
341 1844 466 1915 loquitur,
477 1851 546 1920 quod
560 1854 593 1907 ad
608 1855 678 1912 bunc
689 1861 804 1928 pertinet
816 1878 942 1922 sensum:

162 1927 206 1984 Eo
222 1947 271 2001 quo
291 1935 396 2009 intelligi
410 1950 507 2010 potest,
531 1943 631 2015 inquit,
653 1951 782 2021 permultis
799 1957 873 2010 onnia
887 1968 946 2014 oute

163 2018 303 2078 Homerum
316 2026 402 2094 [mere.
416 2047 491 2102 quom
505 2031 652 2105 Romulum,
665 2048 693 2094 ut
699 2041 756 2112 jum
768 2043 848 2100 doctis
861 2046 944 2102 bomi-

162 2112 237 2167 nibus
257 2130 288 2169 oo
306 2119 457 2187 temporibus
477 2123 538 2194 ipris
557 2127 661 2184 eruditis
681 2132 716 2185 ot
736 2133 882 2203 fingendum
903 2137 946 2194 rt‘e

161 2203 300 2274 quidquem
311 2218 373 2263 ercet
385 2210 444 2265 loei.
465 2213 606 2284 Antiquitos
620 2220 686 2273 enim
698 2225 790 2293 recepit
802 2223 814 2257 ⁸
826 2227 943 2296 soluier,

161 2292 235 2362 fietne
255 2296 331 2351 ιιίιιιι
353 2315 530 2373 nonuunquam
549 2304 696 2365 incondite:
709 2312 763 2366 lutee
782 2323 843 2370 eur
863 2326 945 2373 entem

160 2386 215 2457 iarn
223 2388 323 2443 ereum
333 2394 469 2460 presertim
478 2396 579 2453 eludens
587 2415 659 2455 omne
669 2402 736 2472 quod
745 2405 800 2473 fiere·
808 2423 858 2461 non
865 2417 945 2478 potest

161 2480 257 2549 respuit
271 2480 330 2551 (De
345 2481 493 2553 Republieo,
507 2487 571 2544 libro
584 2489 612 2557 2,
623 2508 681 2562 etp.
692 2495 792 2552 lblrine
803 2499 942 2572 suppleto).

162 2567 236 2626 Urius
255 2587 398 2631 enumero
417 2576 629 2638 doctissimorum
650 2583 806 2656 bonninum,
822 2590 945 2661 idemque

161 2661 392 2731 eloquentissimus
403 2669 520 2724 omniurn
532 2671 566 2726 ii.
579 2672 681 2731 Tullius
689 2678 792 2746 Cicero,
805 2691 943 2752 propterea

161 2748 226 2805 dicit
239 2753 400 2811 diuinitatem
421 2757 527 2815 Romuli
547 2763 700 2821 mirabiliter
711 2768 854 2838 creditam,
873 2774 943 2843 qnod

160 2842 263 2898 erudita
273 2843 328 2913 jam
342 2855 459 2918 tempora
473 2849 599 2918 luerunt,
614 2871 673 2924 que
686 2856 825 2916 salsitatem
836 2876 889 2918 non
902 2879 945 2919 re·

161 2931 280 3003 ciperem
293 2934 449 2994 labularum.
463 2942 528 3008 Quis
541 2953 628 3000 autem
644 2946 785 3004 Romulum
800 2949 880 3007 deum
892 2953 942 3008 nisi

162 3023 247 3080 llonra
268 3027 391 3097 credidit,
411 3039 490 3101 atque
508 3033 534 3088 id
556 3049 635 3104 parua
657 3044 685 3092 et
706 3037 855 3107 incipiensl
876 3041 941 3098 'lum

160 3115 259 3174 deinde
271 3123 382 3189 posteris
395 3135 502 3181 serrare
515 3124 601 3182 luerat
621 3142 730 3185 neoesse
749 3131 818 3200 quod
832 3146 942 3202 aecepe-

161 3216 223 3263 runt
235 3224 251 3264 a
264 3211 426 3282 maioribus,
442 3221 471 3269 nt
488 3230 547 3271 cum
565 3217 614 3272 ista
636 3222 821 3288 superstitione
835 3223 860 3278 iu
876 3225 943 3281 lacte

161 3300 356 3370 quodammodo
365 3304 457 3360 matris
466 3307 562 3363 ebibita
571 3312 810 3376 eresceretcivitas‚
820 3322 898 3383 atque
909 3315 943 3371 ad

162 3400 218 3447 tam
230 3407 354 3462 magnum
369 3397 517 3464 perueniret
526 3398 674 3468 imperium,
689 3411 718 3457 ut
729 3404 829 3474 exejus
839 3404 943 3477 lastigie

160 3485 236 3541 reim
253 3501 286 3542 ex
305 3487 399 3545 altiore
417 3489 531 3560 quodam
552 3491 612 3548 loco
628 3495 693 3550 allas
711 3512 816 3568 quoque
828 3509 940 3569 gentes,

160 3575 258 3646 quibus
269 3576 465 3649 dominaretur,
484 3582 535 3639 bac
553 3599 600 3639 sua
613 3587 736 3656 opinione
754 3589 941 3660 persuaderet:

162 3675 193 3722 ut
205 3681 257 3724 non
269 3670 375 3740 quidem
388 3672 542 3743 moderent,
561 3677 609 3732 sed
631 3686 719 3736 tamen
732 3680 851 3739 dicerent
862 3683 941 3741 deum

161 3755 314 3824 nomnium.
329 3777 363 3817 ne
373 3764 517 3832 civitatem,
532 3768 575 3823 cui
586 3769 746 3840 serviebant,
759 3772 793 3829 de
805 3775 942 3834 conditore

161 3847 220 3917 ejus
231 3849 404 3922 offenderent,
414 3855 491 3912 aliter
503 3871 564 3912 eum
577 3859 737 3916 nominando
749 3877 826 3933 quam
841 3864 940 3932 Romae

160 3955 221 4009 quae
234 3940 259 3996 iti
276 3957 330 3998 non
341 3958 431 4001 amore
444 3946 549 4016 quidem
564 3948 640 4020 liujus
656 3952 770 4020 erroris,
791 3954 840 4010 sed
854 3964 940 4012 tamen

161 4031 259 4086 amotis
270 4047 361 4089 errore
372 4035 530 4093 crediderat.
549 4035 670 4096 Christus
691 4050 779 4098 autem
792 4059 940 4115 quanquam

717 266 818 326 bibuli
837 269 1020 334 vicemalus
1038 279 1222 342 SECUNDUS.

1728 309 1778 367 rit

998 393 1148 450 esseorum
1169 398 1296 469 credidit,
1312 401 1361 458 isla
1380 403 1458 459 istum
1478 405 1561 463 bcunr
1575 423 1634 466 esse
1647 414 1779 475 credendo

996 487 1104 541 antarii.
1118 487 1192 543 Sicut
1205 507 1271 562 ergo
1288 496 1423 563 precessit
1438 497 1508 553 unde
1520 512 1621 557 amaret
1634 503 1691 570 illa,
1705 516 1732 562 et
1745 508 1780 566 oe

996 584 1084 630 umato
1093 575 1149 645 jam
1158 577 1271 636 libenter
1281 583 1361 638 etiam
1376 584 1471 641 laisum
1485 587 1779 662 murmurmurmur

997 667 1132 733 praecessit
1146 668 1216 724 unde
1234 669 1284 726 ista
1301 673 1441 743 erederet,
1463 686 1491 733 nt
1503 690 1575 736 recta
1589 682 1658 750 lide,
1672 701 1725 739 non
1741 696 1777 743 te-

996 767 1069 809 mere
1081 756 1151 827 quod
1163 756 1268 826 laisum,
1283 762 1329 818 sed
1343 766 1412 834 quod
1425 781 1517 824 rerum
1530 779 1587 826 erat
1600 783 1711 831 amaret.
1726 777 1781 834 Ex·

996 845 1080 914 ceptis
1091 847 1161 903 enirn
1173 860 1211 905 tot
1223 860 1250 906 et
1262 853 1342 909 tentis
1355 855 1506 925 rnimculis,
1518 875 1578 932 qun
1592 875 1780 932 persuaserunt

997 933 1080 990 ileum
1094 952 1153 995 esse
1166 939 1317 1010 Christum,
1334 949 1478 1018 prophetie
1491 966 1595 1024 quoque
1614 955 1713 1035 diuinae
1727 959 1780 1017 lide

996 1025 1156 1097 dignissimae
1166 1045 1366 1103 precesserunt,
1381 1054 1440 1109 qum
1451 1041 1478 1095 in
1491 1041 1546 1107 illo,
1560 1060 1611 1099 non
1625 1045 1693 1102 sicut
1703 1063 1719 1103 a
1731 1064 1778 1118 pa·

997 1120 1081 1177 tribus
1100 1122 1187 1179 adbuc
1205 1127 1349 1184 creduntur
1363 1131 1520 1204 implendae,
1535 1138 1582 1192 sed
1600 1137 1654 1208 jam
1667 1139 1779 1197 demon·

996 1220 1114 1269 strantur
1135 1215 1260 1286 impletae.
1282 1220 1320 1275 lle
1341 1221 1454 1280 Romulo
1473 1236 1562 1283 autent
1582 1229 1643 1299 qula
1661 1229 1778 1286 condidit

996 1300 1107 1359 bonrum
1119 1346 1127 1371 ‚
1141 1305 1167 1361 in
1179 1323 1263 1378 eaque
1277 1312 1409 1382 regnarit,
1425 1314 1550 1383 auditur,
1569 1317 1695 1388 legiturve
1706 1322 1779 1393 quod
1891 1342 1893 1347 ·

996 1392 1157 1465 factumest,
1173 1414 1224 1454 non
1236 1401 1307 1471 quod
1320 1412 1381 1459 ante
1396 1403 1500 1461 luerat¹
1515 1411 1700 1481 propietatem
1714 1413 1777 1479 med

996 1481 1066 1552 quod
1080 1483 1115 1539 sit
1128 1496 1250 1556 receptus
1267 1489 1294 1544 in
1313 1490 1397 1558 deos,
1413 1494 1542 1551 creditum
1553 1507 1643 1554 tenent
1656 1501 1774 1571 littere,

996 1588 1048 1627 non
1071 1573 1167 1632 laetum
1186 1578 1291 1635 docent.
1306 1581 1390 1639 Nullis
1406 1586 1503 1656 quippe
1514 1603 1602 1643 rerum
1616 1590 1777 1648 mirabilium

996 1663 1078 1734 signis
1090 1665 1115 1720 id
1127 1667 1152 1721 ei
1165 1683 1226 1724 vere
1239 1671 1392 1739 morenisse
1410 1686 1580 1732 monstratur.
1594 1679 1667 1751 Lupa
1680 1681 1778 1754 quippo

996 1753 1041 1809 illa
1063 1756 1151 1811 nutrix
1164 1759 1185 1826 ¹,
1206 1761 1276 1829 quod
1295 1761 1398 1818 uidetur
1411 1768 1485 1834 quasi
1506 1783 1629 1840 magnum
1642 1773 1778 1830 exstitisse

997 1856 1166 1916 portentum,
1180 1850 1257 1921 quale
1277 1862 1323 1908 aut
1341 1866 1469 1925 quantum
1483 1870 1525 1914 est
1544 1860 1577 1916 ad
1590 1860 1777 1920 demonstran·

996 1936 1058 1992 durni
1072 1937 1262 1999 deumlCerte
1284 1945 1354 2001 eninr
1369 1948 1418 2002 etsi
1431 1964 1483 2005 non
1504 1953 1628 2007 meretrix
1648 1953 1708 2024 lupa
1729 1954 1778 2013 luit

997 2030 1052 2098 illu,
1068 2031 1114 2089 sed
1127 2033 1211 2090 bestia
1227 2033 1282 2109 (o),
1295 2052 1355 2094 oum
1374 2054 1515 2098 commune
1532 2042 1611 2099 luerit
1624 2045 1776 2113 ambobus,

996 2122 1077 2179 trater
1091 2132 1177 2180 umen
1192 2125 1249 2197 ejus
1262 2143 1313 2182 nou
1327 2128 1436 2187 liabetur
1448 2131 1523 2188 deus.
1537 2134 1601 2202 Quis
1612 2145 1699 2191 autem
1712 2152 1776 2207 pro·

996 2211 1095 2268 bibitus
1107 2224 1164 2282 est,
1176 2225 1222 2270 aut
1234 2216 1391 2284 Romulum.
1407 2231 1453 2276 aut
1471 2222 1629 2289 ilereulem,
1645 2234 1690 2280 aut
1710 2226 1777 2283 alios

996 2302 1062 2358 tales
1071 2301 1193 2360 homines
1205 2305 1269 2361 deos
1282 2306 1386 2376 dicere,
1403 2318 1430 2365 et
1440 2312 1506 2367 tutori
1519 2313 1620 2382 maluit,
1635 2330 1712 2384 quam
1723 2331 1776 2371 non

995 2393 1105 2450 dicerel
1119 2395 1171 2450 dut
1190 2412 1253 2453 reru
1271 2399 1358 2470 aliqua
1377 2402 1493 2472 gentium
1512 2404 1613 2461 coleret
1632 2405 1700 2462 iuter
1712 2406 1779 2464 deos

996 2486 1218 2555 suosllumnlum,
1233 2491 1283 2545 nisi
1298 2491 1408 2549 Rotnani
1422 2496 1536 2552 nominis
1550 2508 1636 2555 metus
1647 2502 1776 2572 cogeret!
1799 2559 1802 2563 ,

995 2575 1060 2643 Quis
1075 2592 1154 2646 porro
1167 2589 1305 2648 numeret,
1319 2598 1397 2654 quam
1411 2587 1486 2641 multi
1500 2589 1661 2658 quantalibet
1674 2591 1774 2647 sevitia

995 2667 1157 2724 crudelitatis
1171 2672 1264 2739 occidi,
1276 2689 1353 2744 qnam
1364 2676 1496 2733 Christum
1513 2679 1595 2736 ὓειιιιι
1610 2697 1706 2753 negare
1719 2699 1775 2738 ma·

995 2757 1119 2813 buerunt?
1130 2758 1243 2817 Proinde
1253 2772 1338 2819 metus
1349 2767 1492 2835 quamlibet
1504 2768 1568 2824 leuis
1578 2769 1775 2843 indignationis,

995 2861 1054 2915 qure
1067 2846 1101 2901 ab
1113 2848 1208 2904 areimis
1220 2849 1418 2922 Romanorum,
1435 2857 1457 2910 si
1472 2872 1523 2913 uon
1537 2857 1623 2926 lieret,
1637 2875 1714 2930 posse
1729 2878 1776 2931 pu·

996 2936 1099 2991 labatur
1109 2939 1233 3004 existere,
1245 2943 1527 3016 compellebataliquas
1542 2948 1664 3004 civitates
1676 2951 1775 3021 positas

994 3024 1044 3079 sub
1056 3025 1116 3096 jure
1130 3027 1247 3085 llomuno
1262 3040 1384 3102 utiquam
1397 3033 1474 3088 deum
1487 3037 1575 3093 colere
1587 3037 1726 3096 Romulum
1738 3058 1745 3096 :
1759 3058 1774 3096 a

994 3113 1100 3170 Christo
1113 3126 1199 3174 autern
1215 3118 1269 3175 beo
1283 3137 1335 3175 utun
1348 3122 1433 3177 solurn
1448 3125 1578 3194 colendo,
1591 3144 1681 3184 rerum
1694 3129 1774 3186 etium

994 3207 1159 3274 conitendo,
1175 3218 1272 3265 tantam
1287 3225 1335 3281 per
1350 3212 1441 3267 orbern
1455 3223 1533 3269 terrm
1546 3225 1689 3289 martyrum
1704 3220 1774 3274 ntul-

995 3296 1132 3353 litudinem
1154 3309 1240 3355 metus
1258 3315 1383 3356 revocare
1396 3318 1449 3357 non
1469 3305 1553 3374 potnit
1565 3345 1573 3369 ,
1587 3321 1639 3361 non
1655 3307 1719 3362 ieris
1731 3308 1774 3363 ol·

994 3387 1121 3444 tensionis
1135 3390 1301 3459 animorum,
1320 3391 1368 3447 sed
1389 3393 1576 3450 immensarum
1590 3397 1774 3467 variarumque

994 3495 1131 3551 paenarum
1141 3480 1152 3514 ¹
1163 3524 1172 3549 ,
1185 3490 1213 3538 et
1231 3481 1313 3554 ipsius
1333 3486 1444 3552 mortis,
1458 3502 1516 3558 quae
1530 3488 1589 3558 plus
1600 3488 1703 3545 ceteris
1717 3488 1773 3545 lor·

993 3571 1117 3629 midatur.
1127 3570 1219 3643 Neque
1241 3581 1304 3629 tunc
1318 3563 1410 3630 ciuitas
1428 3573 1665 3648 (linistiqmmuls
1687 3578 1775 3636 adlice

993 3664 1205 3735 peregrinaretur
1214 3663 1241 3721 in
1254 3658 1382 3733 terris,²et
1394 3666 1503 3724 baberet
1515 3675 1602 3725 lamen
1617 3684 1771 3744 magnorum

993 3755 1099 3826 agmina
1126 3755 1294 3826 populorum,
1321 3756 1448 3813 adr-ersus
1473 3759 1567 3830 impios
1590 3768 1773 3832 persecutores

992 3861 1055 3903 suos
1077 3863 1128 3919 pro
1142 3848 1278 3919 temporali
1301 3849 1386 3905 salute
1407 3852 1551 3923 pugnauit;
1571 3853 1618 3908 sed
1637 3855 1725 3924 potius
1744 3863 1774 3910 ut

993 3937 1124 3993 obtineret
1136 3933 1281 4005 aeternam,
1301 3953 1353 3994 uon
1368 3941 1531 4011 repugnavit.
1543 3940 1714 4012 ligabuntur,
1730 3943 1772 3998 in·

992 4028 1180 4097 eludebantur,
1191 4029 1378 4098 cedebantur,
1398 4030 1604 4100 torquebantur,
1618 4032 1771 4099 urebantur,

160 4121 196 4175 uit
209 4120 325 4179 celestis
338 4131 366 4177 et
384 4125 552 4195 sempiterna
565 4127 686 4185 connium·
696 4130 818 4198 civitatis,
831 4148 884 4189 110„
899 4144 940 4191 ω.
992 4120 1166 4188 laniabantur,
1181 4121 1396 4190 trucidabantur,
1409 4132 1437 4179 et
1450 4124 1698 4194 multiplicabantur.
1711 4126 1770 4183 lion

161 4225 222 4265 rnen
239 4225 317 4280 eum,
332 4215 454 4282 quoniam
466 4216 500 4272 ab
514 4217 559 4273 iiio
570 4218 675 4274 condita
687 4229 745 4288 mr,
760 4221 841 4278 Deum
855 4224 941 4280 credi.
991 4221 1048 4267 erat
1057 4212 1096 4267 eis
1107 4227 1156 4283 pro
1164 4212 1248 4269 salute
1257 4228 1384 4283 pugnare,
1394 4213 1444 4269 nisi
1453 4214 1565 4271 salutern
1576 4230 1625 4285 pro
1634 4215 1773 4274 Salvatorc

159 4301 435 4374 dittuedideopotius
443 4316 484 4362 est
494 4308 639 4378 condenda,
651 4312 712 4381 qrria
721 4312 842 4368 credidit.
856 4315 940 4372 llorne
991 4313 1170 4362 1111111111·
1390 4397 1397 4410 ·
1488 4399 1495 4411 ι
1575 4399 1604 4412 ..

159 4394 323 4450 uenditorem
336 4409 412 4452 suum
420 4397 475 4466 jam
487 4408 636 4456 consumta
645 4411 673 4458 et
684 4402 805 4460 dedicata
816 4411 939 4475 tanquam
1025 4395 1053 4450 2ι
1073 4395 1133 4452 51111
1153 4395 1414 4453 111111061111111115
1435 4404 1531 4463 1111111,
1556 4397 1720 4501 11111ιῐ111111ι
1738 4398 1772 4453 111

159 4483 238 4540 deum
250 4485 331 4541 coluit
343 4485 369 4540 ln
381 4487 479 4556 templo
494 4507 501 4542 :
516 4487 574 4545 baec
585 4498 673 4546 autem
686 4491 833 4549 ierusalem
845 4495 938 4551 condi·
991 4483 1146 4554 1111111111,
1160 4485 1296 4556 1111111111,
1309 4487 1409 4543 1111111111
1420 4487 1516 4543 billum
1531 4503 1628 4557 ⁵⁰S⁰¹b¹
1640 4496 1772 4588 1111111111

160 4585 244 4632 turem
258 4591 334 4632 suum
342 4577 424 4634 Mum
433 4577 576 4645 Christum,
587 4589 616 4638 ut
627 4584 743 4638 conmuni
754 4594 843 4653 posset
855 4594 883 4642 οι
893 4586 940 4642 (10.
990 4576 1105 4644 optima,
1119 4576 1169 4631 nisi
1181 4586 1226 4632 aul
1237 4591 1287 4648 pro
1301 4576 1369 4645 ilde,
1382 4587 1428 4632 aut
1440 4592 1487 4648 pro
1497 4578 1591 4632 salute.
1604 4576 1771 4678 Quid-autern

90 4662 96 4684 '
158 4666 241 4723 dicari
276 4642 473 4739 posuitinlidei
487 4669 726 4728 tundamentostita
740 4673 940 4731 illuminando
990 4664 1061 4720 dicat
1074 4679 1121 4735 pro
1133 4666 1228 4736 salute,
1240 4666 1282 4722 rel
1295 4666 1403 4737 intelligi
1416 4683 1494 4737 quam
1507 4667 1618 4720 saltuem
1634 4666 1706 4730 vein,
1719 4666 1772 4722 aio

191 4795 200 4828 ,
253 4706 262 4734 ’
406 4798 421 4846 h
531 4800 557 4848 1,
627 4801 643 4850 t.
702 4799 718 4850 n
786 4804 903 4853 mm
991 4754 1264 4826 locodenronstrans,
1279 4756 1331 4814 Sed
1350 4757 1389 4813 irie
1402 4758 1500 4829 penis,
1514 4757 1772 4861 inquimquosetiom

158 4799 800 4915 mnddcarnffeingffitgnrgffiwnsesseffieffi
810 4806 939 4926 11⁸·qu
990 4848 1131 4906 stultissimi
1144 4853 1268 4917 sentiunt,
1279 4858 1399 4920 egestate,
1412 4849 1517 4914 exsilio,
1529 4849 1612 4903 urrtcul
1622 4865 1648 4914 s,
1662 4849 1769 4902 uerbem

158 4916 222 4989 quod
233 4925 315 4970 ratres
326 4922 470 4992 benedictini
481 4923 506 4993 ip
515 4924 834 5036 texmfflffffiffim‘
847 4923 938 4987 [uerb-

157 4979 600 5150 uffffif'prrwmwm
803 4987 822 5049 .]

187 5160 290 5284 Ξιῗοιῖξοι
297 5163 426 5276 ιιοὲῗιίἳιῗιι
437 5165 677 5291 &wilmus
683 5174 774 5288 deero,
786 5232 898 5293 quianno
907 5232 939 5282 air
990 5227 1020 5277 ad
1029 5228 1112 5286 verba,
1121 5238 1176 5275 curn
1187 5236 1308 5275 cornuum
1323 5222 1395 5286 suerit
1410 5222 1530 5283 murmur,
1546 5223 1646 5285 babent,
1657 5235 1713 5274 etun
1722 5224 1773 5286 sru-

1022 5045 1031 5077 ¹
1048 5051 1081 5094 ux
1092 5043 1217 5094 veteribus
1227 5040 1295 5092 ituris
1304 5040 1344 5092 aiii
1354 5041 1445 5092 babent
1455 5076 1463 5102 ‚
1475 5047 1601 5105 memoro
1618 5039 1701 5106 lieren
1712 5037 1752 5092 alii
1764 5077 1772 5103 ,

990 5102 1159 5215 Μξθιξιιονέἆιιι
1175 5163 1273 5222 aidum,
1285 5162 1506 5225 potrmnduorunc
1514 5168 1542 5212 ut
1551 5168 1605 5224 post
1615 5171 1668 5212 tres
1677 5173 1772 5222 vernus,

157 5284 220 5333 vrbe
231 5285 939 5352 eonditacirciterseptingentesimoscribebat;seddesci·
990 5284 1414 5397 ltlssttffltllfflmssmsslml
1422 5283 1543 5335 11111111·

167 5346 230 5394 utone
241 5343 346 5396 itt-imno
360 5348 453 5397 ninere
471 5356 497 5398 et
507 5349 576 5400 caetto
595 5351 663 5411 dixit,
709 5365 737 5402 os
747 5351 897 5403 disserentes
914 5354 939 5403 io
1090 5347 1186 5398 tivind.
1198 5357 1248 5395 tm·
1260 5352 1286 5396 et
1301 5352 1337 5395 Er.
1350 5345 1414 5395 nulla
1426 5348 1480 5395 l'reti
1491 5353 1602 5396 veterum
1613 5345 1721 5396 codicum
1730 5356 1773 5394 11·

156 5404 664 5530 liltlttiirliiiiiuieti
685 5413 940 5546 &illeille
991 5404 1773 5541 mmuttdrrmmumrfflu

155 5531 361 5579 sexcentesimum
376 5530 520 5593 vigesimum
531 5545 618 5582 annum
636 5533 704 5583 urbis
726 5535 844 5594 conditae,
856 5533 939 5585 laelius
992 5531 1055 5581 boto
1068 5530 1205 5592 subteneo,
1229 5541 1272 5580 nee
1294 5529 1411 5581 domitius
1431 5540 1595 5583 murerrotton
1604 5536 1773 5588 remorumque

155 5596 238 5701 zuttuctm
248 5602 310 5641 auno
317 5592 496 5644 sexcentesimo
504 5594 604 5656 septimo
614 5591 762 5646 eonmiatum
772 5597 879 5661 gessisse
890 5603 939 5647 ua·
992 5604 1130 5713 we
1141 5663 1222 5716 sum.
1234 5651 1276 5704 nb·
1286 5651 1323 5715 w,
1336 5664 1389 5714 αἱ).
1397 5650 1437 5704 3¹·
