3900 6390
263 291 312 349 stt

252 412 304 462 ‘cat
316 404 391 461 locus
404 404 463 460 iste.
483 400 617 472 Quoniam
629 399 718 456 omnia
733 397 907 470 significantia
921 396 1045 451 uidentur

259 496 457 569 quodammodo
474 509 566 551 earum
587 507 688 559 rerum,
708 506 774 561 quas
786 490 950 560 sigttilteant,
964 487 1046 541 susti·

261 606 326 646 ιιειε
346 602 472 660 personas
487 605 494 641 :
511 587 578 641 sicut
590 586 691 641 dietum
706 593 747 640 est
765 583 800 638 ab
814 581 953 653 apostolo,
971 570 1047 634 Petra

261 678 440 734 mandarimus
455 675 484 745 (Ι
498 676 556 730 Car.
570 691 605 739 x,
618 675 636 730 l
647 674 676 744 );
698 673 820 744 quoniam
841 681 914 742 petra
938 672 998 736 illa,
1013 668 1047 726 de

261 784 312 838 qua
335 767 387 823 hoc
404 767 503 822 dictum
525 774 584 829 est,
605 764 771 836 signilitatbat
792 764 881 833 utique
899 760 1045 817 Christum.

262 859 346 929 llajor
357 868 400 914 est
415 860 502 928 itaque
511 855 595 926 gloria
606 855 701 911 demus
712 854 790 923 hujus
801 856 862 909 nori
873 851 1045 918 Testamenti,

260 965 341 1019 quarn
365 948 460 1003 dantus
484 947 580 1017 prioris
603 946 701 1001 vetetis
723 944 883 1000 Testamenti
906 962 913 997 :
936 952 963 998 ct
986 953 1047 998 tunc

261 1038 400 1110 apparebit
419 1038 521 1107 major,
536 1052 595 1093 cum
610 1034 783 1092 dedietbitur.
799 1034 873 1090 Tune
885 1034 956 1090 enim
968 1034 1047 1088 ueniet

263 1128 424 1184 Desideratus
436 1127 531 1180 cunctis
545 1124 658 1197 gentibus
672 1125 769 1199 (dpqoei
786 1141 822 1190 ιι,
837 1123 887 1197 8),
901 1125 969 1180 sicut
983 1122 1048 1192 legi·

264 1228 308 1273 tur
329 1219 355 1272 in
369 1217 491 1272 Hebraeo.
515 1216 580 1271 Natu
606 1216 678 1285 ptius
701 1215 759 1286 ejus
780 1215 909 1270 adtentus
930 1215 1047 1270 nondum

262 1319 322 1367 erat
336 1309 503 1365 desideratus
520 1308 643 1363 omnibus
654 1308 786 1378 gentibus.
807 1307 864 1363 Non
884 1308 954 1363 enim
968 1322 1048 1377 quem

263 1400 392 1455 deberent
403 1398 566 1463 desiderare,
587 1398 715 1465 sciebant,
730 1399 755 1453 ia
770 1414 847 1469 quem
861 1414 912 1453 non
926 1398 1047 1454 eredide-

264 1499 335 1547 rant.
355 1490 429 1545 Tune
446 1489 526 1543 etiam
541 1490 685 1544 secundum
699 1488 870 1559 Septuaginta
890 1487 1048 1558 interpretes

263 1580 345 1653 (quia
368 1588 395 1634 et
415 1581 471 1649 ipse
492 1580 660 1650 propheticus
681 1594 775 1635 sensus
789 1578 865 1651 est),
884 1582 980 1635 ueniens
993 1593 1049 1648 quat

264 1673 341 1728 electa
360 1680 418 1726 sant
440 1670 544 1725 Daritini
564 1670 596 1725 de
618 1671 713 1726 cunctis
737 1670 860 1743 pentibus.
884 1670 959 1726 Tunc
976 1671 1047 1725 enim

264 1778 327 1820 rere
340 1777 391 1818 non
406 1762 511 1818 venient
522 1762 573 1817 nisi
588 1763 681 1829 electa,
696 1762 730 1817 de
744 1762 839 1833 quibus
852 1760 920 1817 dicit
935 1762 1049 1831 aposta·

265 1855 323 1921 ius,
338 1853 409 1910 Sictu
421 1854 494 1926 clegit
507 1870 551 1908 nos
564 1855 658 1925 inipso
672 1865 730 1908 ante
747 1855 836 1908 mnndi
850 1854 1048 1908 constitutionem

165 1964 167 1974 ·
266 1944 374 2017 (pres.
388 1961 407 2011 t,
419 1945 457 2015 l).
473 1945 532 2015 lpse
543 1947 639 2016 quippe
650 1945 820 2007 aroititectus,
830 1944 875 2015 qui
885 1943 960 2007 dixit,
973 1941 1050 1997 Multi

264 2039 362 2107 rocon,
378 2039 452 2108 pauci
472 2049 555 2093 autent
574 2038 643 2093 electi
659 2038 764 2109 (aaron.
779 2053 849 2100 rxtt.
864 2037 916 2108 lt)
927 2078 935 2103 ,
948 2051 1001 2091 nott
1015 2035 1049 2091 de

266 2128 309 2184 bis
321 2130 329 2161 ¹
343 2129 386 2199 qui
402 2130 487 2185 necati
502 2130 541 2185 sic
554 2138 693 2195 uenerunt,
710 2137 739 2182 ut
752 2127 785 2184 de
798 2128 920 2182 conuitio
934 2127 1049 2197 projiee·

266 2232 367 2286 rentur,
383 2221 430 2276 sed
444 2221 478 2276 de
490 2221 582 2277 electis
594 2221 823 2276 demonstraturus
837 2228 878 2273 est
889 2217 1049 2273 aedillcatam

265 2312 393 2379 domurn,
415 2328 474 2383 quoa
496 2313 595 2367 nullutn
615 2311 740 2380 deinceps
763 2308 914 2364 formidabit
934 2310 1048 2363 ruinam.

266 2403 461 2470 Nuncautem,
481 2403 588 2473 quando
607 2411 635 2457 et
654 2403 679 2455 lti
695 2401 797 2470 replent
818 2400 960 2464 ecclesias,
982 2413 1050 2469 quos

267 2503 392 2565 tanquam
416 2495 443 2550 in
465 2510 527 2549 area
542 2494 678 2550 ventilatio
700 2492 850 2563 separabit,
873 2508 927 2547 noo
941 2502 1051 2562 apparet

266 2595 339 2640 tanta
360 2585 444 2656 gloria
464 2586 558 2640 domita
581 2585 678 2656 bujns,
701 2594 798 2656 quanta
819 2595 881 2640 tunc
901 2585 1048 2655 apparebit,

267 2679 373 2748 quanda
388 2679 508 2749 quisquis
522 2677 558 2733 ibi
573 2679 633 2744 etit,
647 2693 753 2748 semper
765 2678 826 2735 erit.

267 2789 381 2845 catut
400 2790 493 2846 xttlt.
507 2820 543 2833 ·-
555 2789 595 2844 be
608 2791 742 2845 indiscreta
754 2793 765 2823 ¹
777 2788 985 2860 multiplicatione
998 2788 1050 2844 Ec·

302 2881 400 2949 clerice,
422 2897 471 2952 qun
492 2882 519 2935 in
540 2881 586 2936 boc
600 2882 691 2936 seacula
705 2882 777 2936 usulti
795 2879 896 2951 reprobi
915 2880 1051 2936 miscentur

302 2974 396 3029 electis.

303 3084 332 3140 ln
346 3085 396 3140 boe
415 3099 478 3154 crgo
498 3085 614 3156 maligno
632 3085 746 3153 scocula,
760 3085 787 3140 itt
801 3085 842 3141 bis
855 3085 949 3142 diebus
962 3085 1049 3151 malis,

266 3176 311 3231 ubi
332 3191 379 3246 per
403 3176 576 3232 bumilitatem
598 3187 756 3246 praesentem
779 3176 894 3233 suturam
916 3186 1051 3248 comparat

267 3268 384 3324 Ecclesia
397 3269 592 3335 celsitudinem,
605 3278 633 3325 et
647 3270 770 3324 timorum
785 3270 914 3338 stimulis,
927 3269 1050 3324 dolorum

267 3362 424 3427 tornieutis,
439 3361 557 3417 laborum
572 3363 717 3430 molestiis,
733 3365 907 3418 tetttationum
927 3362 1051 3434 periculis

266 3451 396 3516 eruditur,
419 3452 474 3505 sula
494 3467 542 3522 spe
556 3452 684 3522 gaudens,
706 3453 810 3522 qttanda
831 3468 923 3508 sanum
943 3452 1049 3523 gaudet,

267 3541 345 3597 multi
365 3540 470 3611 reprobi
485 3543 631 3598 miscentur
652 3544 745 3610 banis;
762 3553 788 3599 et
802 3544 906 3614 utrique
927 3554 1050 3615 tanquam

267 3637 296 3691 ιιι
309 3650 433 3707 sagenam
448 3636 625 3707 evangelicam
646 3637 805 3706 colliguntur
824 3635 886 3707 (lu.
902 3652 965 3703 ttttt,
978 3637 1049 3709 ill;

265 3739 295 3784 ct
307 3731 333 3784 in
349 3729 399 3783 boc
413 3729 511 3783 mundo
523 3770 530 3793 ,
544 3739 667 3797 tanquam
688 3728 714 3782 in
736 3728 821 3791 utari,
838 3729 941 3798 utrique
956 3728 1050 3784 inclusi

267 3819 369 3875 retibus
382 3819 524 3875 indiscrete
534 3828 636 3885 natant,
647 3819 732 3874 donec
742 3820 909 3889 perveniatur
920 3818 953 3873 ad
965 3819 1049 3886 littus,

266 3912 312 3968 ubi
327 3913 389 3967 mall
409 3920 610 3983 segregentura
630 3910 722 3976 bottis,
745 3921 772 3965 et
787 3911 812 3965 in
829 3911 904 3967 bonis
926 3920 1051 3983 tanquam

267 4004 295 4059 in
309 4005 409 4074 templo
420 4018 479 4069 suo,
493 4005 528 4058 sit
538 4004 607 4058 lleus
620 4004 708 4060 omitia
722 4004 748 4057 in
759 4004 881 4058 omnibns
893 4004 902 4075 (
913 4003 921 4057 l
932 4003 991 4059 Cor.
1003 4019 1048 4071 tu,

264 4094 322 4168 28).
338 4094 451 4150 Proinde
464 4109 555 4148 vocem
577 4108 647 4149 nune
668 4094 835 4163 agnoscimus
856 4093 914 4163 ejus
935 4093 1049 4163 impleri,

265 4186 310 4255 qni
324 4185 481 4255 loquebator
496 4187 522 4239 in
538 4185 653 4251 Psalmo,
668 4194 748 4256 atque
760 4185 874 4251 dicebat,
886 4186 1049 4253 annuntiari,

264 4284 289 4329 et
303 4275 400 4329 locutus
412 4291 479 4340 sunt,
493 4276 651 4346 ntultiplicati
663 4286 720 4330 sunt
732 4293 807 4345 super
820 4292 952 4330 numerum
962 4277 1049 4348 (Paul.

265 4381 358 4430 xxxta,
374 4364 412 4439 6).
428 4366 483 4421 Ηοε
498 4371 527 4420 ιιι
541 4383 619 4434 outre,
633 4381 665 4423 et
681 4383 733 4439 quo
747 4369 860 4439 primum
876 4385 923 4440 per
936 4384 967 4426 os
981 4386 1049 4440 pras·

265 4457 384 4513 cursoris
396 4458 436 4512 sui
451 4457 572 4523 lttannis,
586 4458 681 4513 deinde
692 4473 740 4528 per
752 4474 783 4514 os
794 4461 929 4531 proprium
945 4476 1049 4515 annun·

265 4547 351 4614 ttattt,
367 4556 395 4603 et
408 4547 511 4602 locutus
523 4556 580 4615 cst,
596 4549 703 4615 dicens,
717 4549 790 4620 Agite
800 4551 985 4621 penitentiam,
998 4569 1048 4622 ap·

265 4633 443 4711 propinquabit
466 4638 531 4692 eninr
553 4654 657 4709 reqnunr
680 4639 798 4693 caelorum
821 4640 832 4710 (
844 4640 938 4697 llottlr.
955 4657 998 4707 nt,
1011 4641 1048 4707 2;

265 4744 302 4797 tr,
317 4729 372 4799 ιι).
387 4729 472 4800 Elegit
487 4728 643 4798 discipulos,
657 4743 723 4799 quos
734 4739 761 4784 et
774 4731 914 4800 apostolos
926 4733 1048 4787 ttontina·

263 4823 303 4877 vit
318 4821 394 4893 (buc.
408 4837 443 4887 ιι,
457 4822 513 4892 tt),
528 4820 664 4875 ltutniliter
683 4829 769 4885 natas,
789 4820 1049 4892 inhonoratosillit·

264 4925 383 4983 teratos;
409 4924 438 4970 nt
461 4913 586 4986 quidquid
613 4929 737 4985 magnum
759 4923 849 4969 essent
871 4922 898 4969 et
921 4913 1046 4982 iacerent,

265 5005 359 5077 ipsein
372 5008 495 5062 eisesset
514 5015 542 5061 et
564 5006 674 5061 laceret.
689 5005 786 5060 llabuit
800 5005 868 5061 iuter
886 5019 933 5060 eos
954 5021 1047 5074 unum,

265 5113 318 5167 qno
338 5099 406 5152 malo
422 5107 498 5155 utens
520 5099 605 5167 bene,
627 5108 654 5154 ct
674 5112 729 5154 sua
748 5099 879 5170 passionis
891 5099 1047 5170 dispositum

264 5189 403 5259 impleret,
424 5201 452 5245 et
473 5190 600 5246 Ecclesiae
620 5205 675 5245 sttte
697 5190 893 5248 tolerandorum
918 5193 1048 5247 malornm

264 5278 395 5351 praeberet
418 5280 580 5351 exemplum.
604 5281 756 5349 Seminato,
775 5291 900 5352 quantum
922 5297 969 5353 per
991 5282 1049 5353 ejus

264 5369 405 5440 oportebat
419 5371 586 5438 praesentiam
601 5372 777 5442 corporalem,
789 5384 881 5429 sancto
894 5373 1047 5445 Evangelio,

266 5474 358 5532 passus
371 5467 429 5528 est,
442 5471 564 5517 mortuns
578 5472 630 5531 est,
643 5462 808 5520 resurrexit:
822 5465 946 5536 passione
957 5474 1048 5521 osten-

265 5553 332 5607 dens
351 5550 415 5622 quid
430 5551 561 5608 sustinere
574 5568 622 5624 pro
635 5553 765 5625 veritate,
779 5557 972 5613 resurreetione
985 5555 1049 5626 quid

296 5665 307 5762 ξ
321 5666 414 5780 301th⁵
400 5664 492 5782 rportfflqqi
499 5663 709 5792 ιριριρξιιίηρρρραι,
721 5667 794 5734 dieb,
806 5683 821 5722 tt
831 5667 1005 5739 nausmlptis.

802 279 847 337 DE
865 277 1025 336 mittete
1042 278 1109 347 but,
1129 279 1158 334 S.
1176 278 1357 339 nucusrttu

1829 283 1885 342 bid

1099 409 1206 465 sperare
1225 396 1252 451 in
1272 398 1420 455 eternitate
1434 398 1598 463 debeamus:
1617 407 1730 472 excepta
1745 398 1885 459 altitudine

1098 489 1274 550 ιιιειειιιειιιι,
1287 504 1339 560 qua
1352 491 1458 562 sanguis
1478 491 1533 562 ejus
1546 493 1572 546 ia
1587 493 1775 548 remissionem
1789 509 1884 563 pecta-

1100 587 1185 633 torum
1206 578 1279 634 lusus
1304 589 1356 635 est.
1380 580 1560 638 Conversatus
1573 592 1614 639 est
1628 584 1655 639 itt
1677 592 1750 639 terra
1772 587 1885 654 quadra·

1098 671 1168 738 ginta
1181 669 1238 725 dies
1251 686 1311 726 cum
1324 672 1459 743 discipulis
1471 674 1541 735 suis.
1556 683 1634 746 atque
1652 676 1718 746 ipsis
1733 676 1884 733 videntibus

1098 760 1219 815 ascendit
1232 761 1257 815 itt
1271 761 1379 828 coelttm,
1393 771 1420 818 el
1435 774 1494 834 pust
1505 763 1564 821 dies
1577 765 1669 822 decent
1684 767 1759 823 misit
1771 770 1882 839 pretatis·

1098 862 1157 903 sutn
1171 850 1297 920 Spiritum
1313 861 1433 908 sanetum
1449 855 1457 886 ¹
1474 871 1481 908 ι
1496 855 1570 926 cujus
1584 856 1715 912 venientis
1730 858 1756 912 itt
1777 873 1825 913 cos
1842 861 1883 929 qni

1100 943 1285 1009 crediderant,
1307 955 1368 999 tunc
1383 946 1484 1014 signnm
1499 955 1557 1002 erat
1571 948 1715 1003 maximum
1729 958 1757 1005 et
1771 952 1881 1007 aretine

1099 1037 1296 1102 necessarium,
1312 1049 1340 1092 ut
1354 1039 1532 1109 unusquisque
1545 1056 1637 1095 eorum
1656 1041 1754 1113 linguis
1766 1045 1883 1099 omnium

1098 1128 1214 1197 gentium
1236 1128 1388 1196 loqueretur
1401 1147 1408 1184 :
1423 1131 1458 1184 ita
1476 1130 1627 1202 significans
1647 1134 1779 1189 natitatem
1792 1136 1885 1190 catlto·

1099 1216 1158 1272 licre
1171 1217 1297 1273 Ecclesiae
1311 1234 1357 1288 per
1371 1235 1464 1276 omnes
1474 1231 1568 1292 gentes
1587 1224 1717 1291 loturam,
1730 1240 1763 1282 ae
1784 1227 1825 1282 sie
1836 1227 1885 1282 lio·

1099 1306 1157 1376 gnis
1171 1307 1294 1361 amnibus
1309 1307 1467 1364 locuturam.

1099 1397 1210 1454 CAPUT
1236 1401 1267 1453 t.
1279 1430 1314 1442 —
1334 1399 1375 1456 De
1400 1402 1576 1471 predicatione
1596 1402 1744 1474 Euangelii,
1759 1424 1820 1476 quae
1844 1426 1888 1476 per

1118 1491 1244 1561 pannones
1258 1494 1447 1563 predicantium
1460 1494 1553 1549 elatior
1563 1505 1586 1550 et
1599 1499 1721 1566 patentior
1734 1499 1805 1567 secto
1823 1512 1868 1555 cst.

1136 1603 1235 1659 lleiode
1259 1605 1403 1659 secundum
1418 1606 1489 1660 illam
1504 1606 1681 1676 prophetiam,
1704 1609 1746 1663 En
1762 1611 1827 1666 Sion
1848 1614 1888 1667 les

1100 1695 1217 1765 prodiet,
1231 1705 1255 1748 et
1268 1697 1369 1750 cabum
1383 1695 1484 1751 Domini
1497 1715 1527 1752 ee
1538 1697 1679 1754 lmuaalem
1694 1700 1770 1769 (lsai.
1786 1720 1822 1769 ιι,
1843 1705 1885 1773 5):

1099 1794 1127 1842 el
1139 1788 1282 1842 secundum
1296 1789 1377 1858 ipsius
1391 1789 1495 1845 Domini
1506 1790 1604 1846 Christi
1619 1793 1754 1860 praedicta.
1768 1797 1813 1850 ubi
1831 1807 1888 1868 post

1100 1880 1322 1935 resurrectionem
1343 1882 1510 1950 stupentibus
1531 1898 1591 1938 cunt
1606 1884 1744 1954 discipulis
1758 1888 1815 1940 suis
1829 1905 1888 1956 ope·

1100 1970 1150 2023 ruit
1169 1987 1285 2037 tensum,
1302 1980 1329 2025 nt
1343 1972 1507 2044 intelligerent
1526 1972 1689 2044 Scripturas,
1701 1986 1724 2030 et
1746 1977 1812 2031 dicit
1831 1981 1886 2044 eis,

1101 2060 1227 2129 Quoniam
1245 2065 1281 2119 ric
1299 2066 1421 2135 seriptum
1440 2074 1493 2133 est,
1509 2075 1534 2120 et
1557 2067 1593 2122 st'c
1615 2071 1746 2137 oportebat
1759 2069 1888 2126 Christum

1100 2155 1154 2228 pati
1165 2197 1173 2221 ,
1184 2165 1207 2209 et
1217 2173 1345 2229 resurgere
1358 2174 1374 2211 tt
1386 2160 1491 2213 mortuis
1504 2160 1575 2213 tertio
1588 2160 1643 2224 die,
1657 2171 1681 2215 et
1703 2163 1841 2233 predicari
1862 2167 1887 2219 itt

1100 2245 1200 2300 notitiae
1214 2247 1268 2318 ejus
1279 2248 1448 2318 penitentiam
1457 2259 1480 2303 et
1490 2250 1659 2305 remissionem
1672 2263 1834 2320 peccatorum
1845 2272 1888 2324 per

1101 2351 1186 2390 omnes
1199 2346 1303 2408 pentes,
1317 2337 1491 2409 incipientibus
1505 2338 1536 2394 ob
1556 2339 1697 2397 Jerusalem
1711 2342 1794 2417 (Luc.
1808 2362 1887 2413 ιιιι,

1101 2427 1145 2491 lb,
1159 2429 1204 2498 dil
1217 2445 1224 2493 ;
1238 2436 1265 2483 et
1278 2429 1320 2484 nbi
1332 2445 1423 2485 rursus
1435 2431 1474 2486 eis
1487 2431 1522 2488 de
1535 2432 1650 2488 adventu
1670 2434 1729 2505 ejus
1744 2438 1889 2492 novissimo

1101 2517 1294 2588 requirentibus
1309 2521 1463 2590 respondit,
1478 2532 1556 2593 atque
1567 2523 1618 2585 ait,
1634 2523 1694 2579 Non
1716 2535 1755 2580 est
1780 2537 1887 2582 autrum

1101 2607 1165 2662 scire
1185 2611 1349 2678 temporanei
1366 2623 1489 2666 montento
1503 2616 1529 2679 ¹,
1540 2630 1596 2685 quoe
1607 2614 1685 2670 Pater
1698 2619 1783 2688 posuit
1796 2620 1822 2673 in
1843 2637 1888 2674 sao

1101 2707 1220 2768 potestate
1235 2716 1244 2755 :
1258 2700 1301 2755 sed
1312 2701 1438 2772 accipietis
1451 2705 1564 2759 uirtutem
1578 2705 1689 2774 Spiritus
1703 2711 1787 2762 sancti
1799 2726 1888 2780 super·

1100 2789 1236 2845 uenientem
1252 2792 1278 2844 in
1291 2807 1353 2854 aas,
1369 2794 1470 2848 eteritis
1484 2795 1545 2849 milti
1558 2805 1629 2851 testes
1647 2797 1673 2851 in
1690 2797 1835 2855 Jerusalem
1847 2845 1853 2864 ,
1866 2811 1888 2856 et

1101 2879 1128 2934 in
1143 2890 1194 2934 toto
1205 2880 1297 2936 ludeo
1310 2893 1333 2937 et
1348 2882 1484 2954 Scutario,
1500 2895 1523 2939 et
1534 2888 1646 2958 usquein
1655 2888 1719 2957 lines
1733 2899 1808 2946 terre
1821 2892 1887 2962 (dcl.

1102 2988 1122 3038 t,
1138 2973 1166 3038 7,
1180 2974 1206 3048 8)
1222 2992 1229 3029 :
1245 2974 1359 3045 primum
1376 2991 1406 3032 se
1427 2977 1461 3033 ab
1473 2978 1618 3035 Jerusalem
1635 2979 1738 3037 atuooit
1760 2984 1886 3052 Ecclesia,

1101 3072 1200 3119 etcum
1213 3064 1240 3119 itt
1253 3066 1343 3122 iudaea
1353 3076 1432 3138 atque
1445 3069 1562 3125 Samaria
1578 3071 1681 3140 plurimi
1694 3073 1886 3142 credidissent,

1102 3164 1129 3210 et
1142 3156 1167 3210 itt
1181 3157 1247 3212 allas
1264 3166 1356 3229 gentes
1369 3158 1433 3213 itum
1448 3168 1508 3228 est,
1519 3162 1558 3215 eis
1572 3163 1790 3220 annuntiantibus
1804 3166 1888 3220 Eran-

1101 3244 1216 3315 gelium,
1240 3261 1308 3316 quos
1333 3248 1406 3318 ipse,
1432 3250 1500 3304 sicut
1526 3249 1680 3319 luminaria,
1703 3261 1731 3307 et
1751 3265 1888 3324 aperuerat

1101 3338 1200 3404 serbe,
1214 3343 1242 3393 et
1264 3338 1421 3394 accenderat
1440 3339 1537 3410 Spiritu
1562 3350 1662 3397 sancto.
1685 3342 1794 3399 Dixerat
1818 3349 1887 3402 enim

1101 3427 1156 3493 eis,
1173 3427 1260 3483 Nolite
1284 3430 1369 3484 timere
1388 3447 1429 3484 eos
1448 3431 1491 3502 qui
1510 3449 1600 3502 corpus
1622 3433 1758 3500 occidunt,
1778 3438 1888 3491 animani

1102 3530 1184 3575 antem
1196 3538 1246 3575 nan
1258 3533 1361 3592 possunt
1373 3524 1484 3579 occidere
1497 3524 1599 3595 (dlattlt.
1612 3542 1638 3591 r,
1652 3526 1711 3594 28).
1725 3528 1776 3597 Qui
1793 3540 1821 3584 ut
1841 3533 1887 3585 lri-

1101 3611 1154 3684 gidi
1166 3613 1259 3670 timore
1271 3628 1324 3669 nott
1335 3623 1434 3681 essent,
1443 3615 1502 3686 igne
1512 3615 1647 3672 alteritatis
1657 3618 1797 3674 ardebant.
1811 3622 1888 3676 lieni·

1102 3719 1154 3775 qttc
1168 3719 1216 3775 per
1228 3705 1308 3774 ipsos,
1325 3721 1377 3761 non
1390 3708 1474 3761 salunt
1488 3707 1531 3777 qui
1546 3723 1607 3763 eum
1620 3719 1721 3764 etanta
1734 3713 1884 3782 passionem

1103 3805 1130 3851 ct
1143 3804 1203 3867 post
1214 3797 1436 3852 resurrectionem
1452 3798 1571 3853 viderant
1585 3809 1612 3853 et
1623 3799 1779 3865 audierant,
1795 3818 1884 3858 rernm

1102 3891 1181 3944 etiam
1198 3902 1258 3960 post
1274 3890 1375 3946 obitnm
1389 3905 1481 3947 eorum
1497 3907 1544 3962 per
1558 3901 1680 3963 posteros
1695 3908 1805 3956 earum,
1820 3896 1888 3951 inter

1103 3981 1248 4036 ltorrendas
1259 3982 1454 4051 persecutiones
1465 3991 1493 4037 ει
1508 3984 1595 4038 varios
1604 3984 1737 4039 cruciatus
1749 3999 1783 4039 ac
1795 3984 1885 4041 lunera

1103 4084 1248 4144 martyrum
1271 4073 1442 4143 praedicatum
1472 4083 1514 4129 est
1537 4085 1592 4128 tota
1613 4075 1677 4129 orbe
1698 4077 1884 4147 Etattgelium,

1101 4175 1268 4223 contestante
1291 4166 1345 4222 Deo
1365 4167 1466 4237 signis,
1482 4177 1510 4222 et
1528 4168 1656 4232 ostentis,
1672 4170 1792 4224 atraciis
1805 4171 1887 4225 virtu-

1102 4257 1190 4326 tibus,
1203 4267 1230 4314 ει
1241 4257 1354 4328 Spiritus
1371 4258 1455 4313 sancti
1475 4257 1647 4313 muneribus:
1664 4266 1694 4313 ut
1707 4261 1797 4329 populi
1820 4276 1886 4332 gett-

1102 4351 1166 4407 tium
1179 4351 1317 4406 credentes
1336 4351 1362 4405 in
1376 4366 1454 4416 eunt,
1469 4351 1513 4421 qui
1529 4366 1576 4420 pra
1595 4364 1687 4407 eorum
1704 4351 1886 4424 redemptione

1089 4443 1242 4500 cruciltrus
1255 4453 1311 4509 cst,
1323 4443 1467 4498 cbristiana
1477 4458 1568 4499 amare
1581 4453 1772 4500 uerterarentur
1782 4447 1886 4518 sangui·

1100 4549 1162 4590 rtem
1183 4543 1350 4606 martyrum,
1378 4549 1464 4603 quern·
1477 4533 1608 4590 diabolico
1629 4533 1718 4589 lurtire
1742 4534 1885 4600 lttdcrunt;

1101 4623 1204 4694 ipsique
1220 4638 1315 4695 reges,
1330 4637 1443 4694 quorum
1466 4623 1567 4693 legibus
1581 4623 1733 4678 vastabatur
1752 4625 1882 4693 Ecclesia,

1101 4716 1126 4772 ei
1138 4716 1237 4771 nomini
1253 4714 1590 4779 salubritersttbderentur,
1604 4713 1673 4784 quod
1690 4715 1725 4770 de
1742 4722 1816 4771 terra
1827 4732 1887 4771 crtt-

1100 4807 1307 4864 deliteraulerre
1319 4807 1405 4863 eonati
1421 4814 1500 4874 sunt,
1512 4815 1540 4860 et
1552 4804 1633 4861 salsus
1652 4805 1717 4861 deas
1739 4806 1886 4878 inciperent

1100 4900 1241 4969 persequi,
1256 4913 1368 4967 quotum
1395 4911 1476 4953 causa
1501 4897 1617 4952 cultores
1637 4895 1683 4952 bet
1702 4897 1759 4953 veri
1783 4897 1887 4953 lueraut

1100 4997 1176 5044 antea
1192 4989 1333 5057 persecuti.

1136 5100 1249 5159 CAPUT
1261 5101 1305 5157 tt.
1319 5129 1354 5142 ·-
1368 5100 1442 5169 Quor
1455 5101 1529 5155 etiam
1544 5117 1588 5172 per
1600 5100 1777 5156 borreticarum
1791 5103 1887 5159 alisscn-

1267 5193 1350 5247 sianes
1363 5191 1426 5260 fides
1436 5191 1560 5246 cotltolico
1573 5191 1712 5247 roboretur.

1135 5307 1163 5362 l.
1182 5303 1282 5361 Videas
1291 5311 1378 5358 autern
1388 5302 1507 5359 diabolus
1519 5304 1615 5373 templa
1625 5302 1776 5361 daemonnm
1789 5303 1885 5371 deseri,

1100 5407 1128 5456 et
1140 5399 1167 5454 itt
1182 5413 1278 5453 nomen
1293 5397 1429 5453 liberantis
1444 5396 1593 5452 ueniamus
1605 5411 1713 5453 currere
1731 5412 1816 5469 gentis
1835 5399 1885 5453 bu-

1100 5505 1209 5548 manutu
1223 5529 1233 5556 ,
1246 5489 1384 5545 haereticos
1398 5489 1501 5558 metit,
1515 5487 1560 5561 qui
1584 5488 1634 5545 snb
1659 5490 1790 5547 vocabula
1817 5491 1886 5546 cltri-

1134 5672 1142 5702 ¹
1160 5667 1219 5718 editi
1229 5667 1327 5730 addunt,
1339 5667 1417 5719 Patris
1427 5665 1466 5718 atti
1477 5681 1484 5719 t
1496 5680 1544 5717 non
1553 5675 1636 5721 autem
1648 5675 1750 5722 veteres
1759 5668 1825 5722 liltri.

1133 5733 1145 5765 ¹
1159 5737 1185 5782 ltt
1196 5738 1249 5783 uss.
1259 5744 1308 5783 aun
1318 5738 1366 5795 est,
1373 5731 1409 5783 cel
1416 5737 1542 5782 amnento.
