3900 6390
240 518 291 590 etsi
304 547 358 589 non
371 530 479 588 dedolat
499 529 567 586 ratio
581 529 751 602 cogitantem.
765 527 951 584 lentmtamen
972 539 1025 581 om

240 624 372 697 tripotenti
387 623 459 688 beo,
475 636 580 679 summo
594 636 626 678 ae
637 635 741 676 summe
761 620 832 677 bono
844 619 956 675 creatori
970 634 1027 674 om·

239 720 314 777 nium
325 726 489 780 naturarum,
501 715 663 772 voluntatum
672 722 760 770 autem
772 715 900 770 bonarum
913 713 1026 784 adiutori

239 818 267 867 et
279 807 489 872 remuneratori,
503 807 632 862 malarum
644 814 732 861 autem
746 805 862 861 relictori
874 814 902 860 et
914 803 1026 860 damua-

238 897 302 963 tort,
313 906 488 968 utramnque
498 895 656 963 ordinatori,
671 910 723 950 noa
736 894 821 951 deluit
833 894 925 965 utique
937 893 1027 949 cousi-

239 989 315 1056 lium,
328 1003 381 1059 quo
398 996 499 1044 certum
515 1003 657 1044 numerum
679 987 775 1043 civium
789 987 815 1044 in
828 1001 875 1042 sua
897 985 1027 1057 sapientia

239 1080 542 1153 praedestinationorum
555 1095 588 1137 ex
600 1080 831 1152 damnatogencre
845 1080 960 1136 ltumaao
972 1094 1028 1136 strae

239 1173 354 1231 civitatis
366 1173 489 1245 impleret
513 1192 520 1228 :
537 1188 589 1229 non
602 1187 649 1229 eos
661 1173 717 1244 jam
729 1173 841 1238 meritis,
858 1171 1027 1244 quandoqui-

240 1268 301 1327 dem
313 1269 435 1326 uniuersa
447 1284 536 1324 massa
552 1277 675 1339 tanquam
697 1267 724 1323 iu
741 1267 830 1322 vitiata
851 1265 941 1323 radice
953 1265 1027 1321 dam·

239 1368 304 1417 nata
319 1368 360 1416 est
376 1360 443 1428 ,scd
456 1360 539 1430 gratia
560 1358 735 1425 discernens;
750 1366 777 1413 et
790 1357 908 1413 liberatis
922 1371 974 1412 nou
984 1370 1027 1412 so·

240 1452 296 1507 lutn
308 1450 343 1506 de
357 1450 431 1521 ipsis,
447 1449 628 1506 verumetiam
640 1448 673 1504 de
686 1464 738 1503 oon
752 1448 869 1503 liberatis
884 1490 892 1513 ,
908 1446 971 1518 quid
987 1446 1027 1502 eis

240 1540 379 1613 largiatur,
395 1541 549 1595 ostendens.
563 1538 620 1594 Non
635 1538 707 1594 enim
725 1536 824 1601 debita,
841 1537 888 1592 sed
913 1536 1027 1607 gratuita

239 1632 358 1689 bonitate
376 1639 441 1687 tune
463 1646 492 1687 se
515 1630 627 1702 quisque
653 1629 773 1700 agnoscit
797 1616 902 1684 erutum
929 1627 1025 1694 malis,

239 1737 301 1780 euro
312 1722 346 1778 ab
360 1738 454 1780 eorum
469 1722 605 1778 bominum
625 1722 759 1777 consortio
774 1720 803 1776 ttt
816 1720 952 1785 immunis,
965 1735 1025 1776 cum

238 1814 334 1886 quibus
348 1814 384 1871 illi
396 1814 466 1886 justa
483 1823 554 1870 estet
566 1827 645 1884 prena
654 1812 814 1868 communis.
827 1809 881 1868 Cur
892 1825 956 1882 ergo
970 1825 1024 1867 non

238 1915 343 1962 crearet
353 1907 508 1977 Deus,quos
518 1914 674 1976 peccaturos
681 1903 883 1975 esseprmscitit
893 1901 1026 1974 ;quando-

238 1997 344 2069 quidem
356 1997 383 2053 in
403 1998 442 2054 eis
456 2006 484 2053 et
504 2012 539 2053 ex
554 1997 603 2064 eis,
627 1994 729 2067 etquid
742 2010 835 2052 eorum
848 1993 1026 2065 eulpamere·

238 2098 322 2153 retur.
336 2098 363 2145 et
375 2089 438 2161 quid
448 2103 497 2144 sua
511 2090 594 2160 gratia
606 2088 761 2156 donaretur,
770 2095 860 2158 posset
872 2085 1023 2153 ostendere,

238 2193 289 2236 nee
302 2180 351 2236 sub
370 2180 416 2235 illo
427 2189 548 2236 creatore
575 2194 607 2235 ac
632 2178 791 2249 dispositore
810 2192 933 2248 perversa
951 2177 1025 2234 inor·

237 2268 338 2326 dinatio
365 2270 573 2342 delinquentium
601 2279 702 2325 rentum
721 2277 884 2339 perverteret
904 2267 1025 2325 ordinem

237 2361 349 2418 rerunt?

237 2491 352 2551 corut
382 2493 489 2553 xxvtt.
515 2525 552 2538 ·-
573 2495 613 2551 De
640 2495 810 2567 peecatoribus
837 2506 861 2553 et
884 2497 1025 2570 engeltart

273 2583 425 2650 ltotnt’nibut,
445 2601 552 2657 morunt
564 2587 712 2655 pnrerutua
732 2603 783 2643 non
798 2587 926 2659 perturbet
940 2589 1024 2661 proui-

248 2742 253 2751 ,
274 2678 385 2735 dentium
397 2677 454 2735 Dei.

273 2811 388 2868 i‘miude
409 2823 573 2884 peccatores,
598 2823 625 2870 et
646 2816 742 2886 angeli,
766 2824 794 2871 et
814 2815 936 2872 homines
959 2815 1025 2872 nibil

237 2913 329 2977 agunt,
344 2922 398 2978 quo
411 2908 589 2980 impediantur
602 2911 699 2984 Magno
710 2927 787 2983 opero
809 2912 923 2981 Deretini,
937 2914 1026 2984 eequi-

237 2996 287 3052 titn
297 2996 324 3051 t‘n
346 3012 431 3054 otnott
449 2999 587 3056 eebntuttt
600 3001 655 3071 rint
671 3000 758 3072 (Ptol.
772 3016 816 3067 cn,
828 3002 876 3074 2).
895 3003 1024 3070 Quoniam

237 3085 282 3156 qai
297 3086 467 3156 providenter
478 3097 558 3160 atque
572 3090 769 3162 omnipotenter
787 3107 834 3147 sua
856 3093 952 3163 cuique
966 3093 1023 3149 dis-

238 3177 339 3244 tribuit,
358 3194 411 3234 non
432 3178 518 3235 solrrtn
542 3181 630 3248 bonis,
652 3183 839 3240 verumetiam
865 3185 941 3239 malis
955 3184 1023 3240 bene

237 3269 276 3325 uti
290 3271 372 3326 notit.
387 3273 425 3328 Ac
441 3288 487 3343 per
500 3274 552 3329 boe
564 3285 671 3345 propter
694 3277 817 3332 meritum
840 3276 933 3347 primae
946 3279 1023 3334 atalae

237 3361 382 3418 voluntatis
395 3364 430 3419 ita
441 3364 565 3420 damnato
587 3377 665 3437 atque
692 3368 928 3441 obduratoangelo
941 3370 1029 3437 malo,

239 3460 269 3507 ut
277 3451 333 3522 jam
348 3453 443 3509 bonam
455 3455 617 3511 tttluutatem
632 3457 741 3513 ulterius
757 3474 810 3514 non
822 3459 942 3526 baberet,
957 3460 1025 3516 bene

239 3551 315 3598 utens
327 3542 416 3610 Deus,
431 3561 479 3600 cur
493 3561 546 3601 non
569 3549 734 3618 permitteret
755 3561 784 3604 ut
809 3551 843 3606 ab
856 3552 902 3607 illo
925 3553 1024 3622 primus

238 3631 327 3696 borao,
341 3634 386 3703 qui
402 3646 500 3696 rectus.
522 3636 573 3692 boc
585 3646 626 3693 est
639 3638 716 3694 bona
741 3642 893 3709 uoluntatis,
918 3653 1024 3700 creatus

237 3720 332 3786 luerat,
347 3727 513 3781 tentaretur?
526 3727 743 3799 Quandoquidem
756 3732 795 3787 sie
807 3742 865 3788 erat
878 3735 1022 3804 institutus,

237 3822 276 3881 ut,
290 3816 313 3870 ei
333 3814 367 3871 de
382 3817 515 3887 adjutorio
540 3820 586 3876 llei
601 3821 694 3879 lideret
719 3824 805 3880 bonus
820 3826 910 3895 bomo,
925 3829 1023 3886 malum

236 3905 360 3976 angelum
371 3908 508 3975 vinceret;
522 3910 545 3965 si
563 3921 650 3968 autem
665 3923 813 3970 creatorem
828 3925 907 3987 atque
921 3918 1025 3989 adjuto·

236 4010 294 4051 retu
311 3997 393 4053 ileum
415 4000 530 4070 superbe
550 4002 601 4058 sibi
624 4004 754 4075 placendo
768 4006 916 4068 desereret.
931 4012 1023 4066 vince-

236 4095 311 4142 retur
325 4104 332 4139 :
347 4089 470 4145 meritum
488 4091 586 4148 bonum
608 4093 710 4152 babens
733 4097 759 4152 in
787 4097 875 4168 adjuta
898 4099 1024 4158 diuinitus

236 4177 371 4234 volontate
384 4190 467 4246 reeta,
482 4183 580 4239 malum
593 4201 658 4242 vero
675 4188 703 4243 in
718 4186 859 4246 deserente
880 4191 962 4247 Deum
977 4207 1023 4248 no-

236 4268 338 4325 luntate
350 4285 485 4341 perversa.
500 4274 566 4343 Quia
586 4287 613 4334 et
626 4278 712 4350 ipsum
735 4279 817 4338 lldere
836 4282 871 4339 de
891 4284 1024 4355 adiutorio

237 4358 295 4428 Dei,
310 4374 363 4417 non
385 4362 493 4433 quidem
508 4377 598 4436 posset
610 4369 669 4426 siue
683 4371 814 4443 adiutorio
828 4375 873 4431 oet
898 4395 906 4432 ε
921 4391 970 4437 nee
984 4386 1024 4432 ta-

236 4464 297 4509 men
313 4451 375 4510 ideo
395 4455 430 4511 ab
456 4455 498 4511 lrls
512 4457 607 4513 divium
632 4463 725 4533 gratiae
751 4464 888 4523 beneflciis
903 4469 953 4524 sibi
966 4470 1021 4540 pla-

235 4542 321 4600 cendo
333 4545 459 4602 recedere
477 4561 530 4602 non
544 4548 656 4605 babebat
678 4552 705 4606 ia
719 4564 860 4623 potestate.
874 4557 941 4612 llam
955 4559 1024 4615 sicut

235 4633 260 4686 io
277 4632 327 4690 bae
341 4649 424 4692 carne
441 4637 530 4693 nitere
543 4638 602 4694 sine
620 4638 782 4710 adjumentis
794 4644 981 4703 alimentorum
996 4649 1022 4705 in

237 4734 368 4796 potestate
388 4743 441 4786 non
454 4740 504 4793 est.
518 4745 570 4786 nou
584 4742 673 4788 autem
695 4734 721 4789 iu
733 4750 765 4791 ea
785 4736 875 4793 virere
896 4738 923 4794 in
948 4748 1023 4810 pote·

236 4824 305 4874 state
316 4828 375 4886 est3
388 4820 457 4891 quod
472 4820 572 4878 iaciunt
585 4824 629 4894 qui
643 4838 673 4887 se
685 4825 758 4896 ipsos
769 4836 865 4883 nonant
877 4843 886 4883 ε
900 4831 936 4885 ιιι
953 4831 1021 4888 bene

238 4908 326 4965 virere
338 4910 396 4967 siue
408 4910 541 4983 adjutorio
553 4914 608 4980 llei,
620 4916 701 4972 etiam
711 4917 737 4972 io
750 4918 884 4989 paradiso,
900 4936 952 4977 non
964 4933 1022 4979 erat

238 4998 263 5052 in
287 5009 436 5069 potestate;
457 5015 617 5062 enatantem
642 5007 668 5063 in
683 5019 812 5079 potestate
834 5015 904 5068 male
922 5014 1022 5083 rivere,

237 5086 284 5141 ted
298 5087 459 5148 beatitudine
473 5110 525 5151 non
550 5110 734 5167 permansura,
748 5107 776 5156 et
788 5115 865 5170 pmna
876 5101 1024 5173 justissima

237 5192 370 5235 eeeutnra.
383 5184 449 5239 (lum
463 5187 541 5257 igitur
554 5189 631 5260 botius
643 5188 724 5247 futuri
737 5207 814 5249 casus
827 5193 935 5251 ltumani
951 5195 1023 5252 Dens

237 5284 290 5326 trun
302 5281 373 5327 osset
387 5275 514 5346 ignarus,
528 5294 578 5336 eur
592 5297 652 5337 eum
667 5298 719 5338 non
731 5284 831 5339 sineret
844 5284 926 5340 intid':
935 5287 1022 5354 angeli

238 5364 399 5435 utalignitatc
414 5371 528 5426 tentorii
542 5373 613 5431 nullo
625 5374 705 5431 modo
719 5375 827 5446 quidum
843 5379 912 5448 quod
932 5379 1021 5434 tirtce·

784 411 829 469 on
847 410 1004 469 currum
1019 410 1085 477 out,
1104 414 1132 468 s.
1153 367 1335 474 mouserot

1815 423 1867 480 lt'tb

1079 538 1153 586 retur
1173 530 1307 597 incertum
1332 531 1380 589 sed
1402 531 1573 605 nibilominus
1587 535 1715 606 praescios
1737 537 1809 608 quod
1831 537 1865 594 ab

1080 620 1137 692 eius
1157 622 1259 683 semine
1276 623 1366 692 atljuto
1390 637 1438 679 sua
1461 624 1545 696 gratia
1570 625 1641 681 idem
1662 625 1720 697 ipse
1743 627 1864 687 diadolus

1080 711 1165 773 luerat
1173 723 1324 776 sanctorum
1333 713 1419 784 gloria
1432 715 1533 785 majore
1542 716 1700 773 viomadus.
1712 717 1750 781 lta
1764 717 1863 776 lactum

1079 812 1121 861 est
1134 813 1222 861 utnce
1237 803 1319 860 ὓιιιιιι
1339 804 1437 883 aliquid
1451 805 1600 861 futurorum
1612 806 1717 871 lateret,
1733 823 1783 871 aee
1796 824 1866 880 pre·

1079 894 1191 957 nolendo
1202 909 1362 967 quemquam
1378 910 1488 966 peccare
1502 897 1673 968 compelleret
1686 913 1695 966 3
1708 898 1813 975 etquid
1826 900 1866 959 in·

1080 987 1271 1050 teressetinter
1285 988 1417 1058 pmpriam
1437 987 1566 1060 cujusque
1588 991 1824 1060 praesumptionem
1840 1001 1866 1052 ct

1080 1093 1155 1137 suam
1169 1079 1316 1146 tuitionem,
1338 1080 1464 1152 angelicae
1476 1091 1503 1137 et
1515 1081 1638 1138 humanat
1656 1082 1779 1147 rationali
1791 1098 1866 1141 crea·

1080 1179 1158 1236 turm,
1184 1170 1357 1243 consequenti
1385 1170 1548 1242 experientia
1572 1171 1780 1229 demonstraret.
1803 1171 1867 1242 Quis

1080 1261 1151 1319 enim
1172 1261 1269 1327 audeat
1280 1263 1408 1331 eredere,
1421 1271 1466 1318 aut
1479 1262 1581 1330 dicere,
1602 1272 1632 1319 ut
1645 1277 1732 1334 neque
1746 1262 1866 1333 angelus.

1080 1369 1166 1425 oeque
1186 1353 1397 1418 bomocaderet‚
1421 1354 1447 1409 in
1472 1355 1518 1411 [lei
1541 1363 1672 1426 potestate
1695 1370 1748 1411 non
1765 1353 1867 1413 luissel

1080 1446 1133 1503 Sed
1149 1448 1200 1503 boe
1217 1463 1308 1504 corona
1321 1447 1446 1519 potestati
1465 1446 1558 1510 maluit
1573 1462 1626 1503 noa
1647 1445 1769 1515 aulerre3
1787 1456 1867 1517 atque

1079 1538 1115 1597 ita
1128 1548 1157 1594 et
1165 1548 1291 1611 quantum
1302 1540 1363 1600 mall
1376 1555 1468 1596 eorum
1476 1539 1610 1610 superbla,
1621 1549 1785 1611 etquarttum
1795 1539 1858 1604 boni

1079 1643 1126 1684 soa
1139 1630 1224 1701 gratia
1234 1631 1349 1694 valeret,
1360 1630 1513 1690 ostendere.

1078 1760 1190 1818 CAPUT
1214 1760 1331 1819 xxvttt.
1344 1792 1381 1803 -
1394 1760 1434 1817 be
1452 1763 1572 1832 qualitate
1592 1761 1703 1817 duorum
1723 1763 1864 1830 eirttottrn,

1307 1863 1411 1910 terrente
1430 1865 1504 1925 utque
1527 1854 1642 1913 cebron

1113 1989 1243 2047 Fecerunt
1263 1989 1352 2061 itaque
1363 1988 1482 2045 civitates
1494 1987 1559 2043 duas
1571 2002 1676 2044 amores
1688 1987 1761 2055 duna
1780 1999 1866 2045 terre·

1078 2096 1139 2137 nam
1148 2081 1250 2137 seilicet
1258 2094 1334 2136 amur
1346 2079 1387 2136 sui
1396 2093 1479 2150 usque
1488 2078 1520 2133 ad
1531 2087 1711 2150 contemptum
1720 2079 1777 2144 bei,
1787 2080 1859 2136 eoele

1078 2180 1147 2230 stem
1160 2186 1224 2228 tero
1236 2185 1314 2227 amor
1337 2170 1383 2226 liei
1400 2168 1529 2240 usquead
1547 2178 1726 2240 contemptum
1752 2170 1793 2225 sui
1820 2169 1867 2241 (a),

1079 2262 1199 2334 llenlqne
1214 2260 1257 2316 illa
1268 2262 1294 2318 in
1305 2275 1335 2317 se
1350 2261 1417 2332 ipsa,
1432 2259 1489 2316 baee
1502 2261 1528 2316 in
1541 2259 1652 2317 llornino
1664 2259 1801 2331 gloriator.
1815 2261 1861 2316 llla

1077 2355 1148 2410 euim
1167 2353 1262 2425 quaerit
1294 2353 1328 2409 ab
1348 2351 1499 2410 bominibus
1521 2352 1632 2424 gloriam
1658 2371 1665 2408 :
1689 2351 1753 2410 buic
1775 2363 1867 2420 autem

1077 2443 1147 2501 Deus
1168 2443 1338 2500 eonscientiae
1352 2442 1445 2510 testis,
1461 2444 1576 2498 maxima
1602 2451 1643 2499 est
1657 2442 1752 2515 gloria.
1773 2443 1819 2501 llla
1840 2445 1868 2509 in

1076 2535 1158 2609 gloria
1171 2550 1219 2591 sua
1239 2536 1337 2592 exaltat
1353 2543 1433 2606 caput
1456 2548 1534 2598 snum
1550 2533 1627 2591 :bue
1652 2533 1716 2590 dicit
1737 2535 1793 2592 beo
1807 2550 1864 2600 suo.

1077 2626 1166 2685 Gloria
1178 2643 1243 2694 meo,
1265 2636 1290 2683 ιι
1311 2626 1427 2682 multone
1448 2634 1525 2696 eaput
1543 2641 1629 2681 meunt
1644 2624 1730 2699 (Ptol.
1757 2641 1797 2693 ut,
1817 2626 1865 2697 d).

1077 2720 1116 2776 lili
1130 2720 1139 2754 ¹
1154 2719 1181 2774 in
1192 2718 1354 2790 principibus
1367 2718 1435 2790 ejus,
1445 2719 1490 2776 vel
1505 2718 1531 2774 in
1546 2718 1587 2774 eis
1602 2733 1670 2799 quas
1682 2718 1808 2791 subjugat
1821 2733 1867 2777 na-.

1077 2810 1192 2868 tionibus
1203 2810 1356 2866 dominandi
1368 2808 1452 2866 libido
1461 2808 1614 2865 dominatur
1627 2826 1634 2863 :
1647 2809 1673 2865 in
1682 2807 1732 2864 bae
1746 2808 1866 2864 serviuut

1077 2903 1189 2960 invicem
1200 2903 1227 2958 ia
1237 2902 1378 2970 charitate,
1392 2900 1747 2972 etpraeposttteonsutoouo‚
1762 2909 1790 2956 et
1803 2900 1866 2956 sult-

1076 2995 1124 3054 diti
1136 2995 1352 3067 obtemperando.
1377 2993 1425 3051 llla
1439 2994 1467 3050 in
1481 2995 1537 3050 suis
1551 2994 1702 3065 potentibus
1715 2993 1801 3064 diligit
1812 2993 1867 3049 tir·

1077 3096 1160 3145 tutent
1174 3102 1248 3142 suam
1263 3103 1269 3140 :
1286 3085 1343 3142 bac
1355 3086 1419 3142 dicit
1431 3086 1487 3143 ileo
1499 3101 1559 3154 suo,
1575 3084 1686 3157 llilipam
1696 3097 1730 3153 te,
1749 3084 1865 3150 llontino,

1076 3183 1155 3238 uirtur
1168 3197 1224 3236 ntea
1235 3179 1327 3252 (Ptol.
1347 3195 1411 3244 ιιιι,
1425 3179 1472 3252 2).
1490 3179 1606 3249 ideoque
1624 3179 1651 3233 iu
1671 3177 1718 3234 illa
1731 3179 1866 3249 sapientes

1076 3272 1133 3343 ejus
1147 3271 1292 3327 secundum
1314 3271 1447 3326 bominem
1471 3271 1600 3338 virentes,
1625 3277 1671 3324 aut
1689 3270 1866 3340 corporisaut

1076 3364 1157 3420 animi
1172 3363 1213 3420 sui
1224 3363 1311 3427 bona,
1325 3370 1371 3418 aut
1393 3362 1529 3433 utriusque
1550 3360 1643 3417 sectati
1668 3369 1747 3426 sunt:
1759 3369 1805 3416 aut
1820 3362 1865 3433 qui

1076 3467 1218 3528 potuerunt
1232 3470 1394 3527 cognoscere
1407 3455 1502 3519 ileum,
1518 3471 1568 3509 non
1582 3463 1610 3509 ut
1621 3452 1705 3510 ileum
1723 3453 1864 3510 bonorare·

1076 3559 1135 3605 runt
1146 3593 1154 3618 ,
1167 3550 1208 3605 uel
1217 3551 1311 3622 gratier
1322 3559 1444 3622 eperunt,·
1456 3550 1502 3604 ted
1512 3558 1669 3605 monuerunt
1684 3549 1712 3603 in
1734 3548 1865 3619 rogitatio-

1076 3642 1149 3696 nibur
1170 3643 1231 3701 tuit,
1245 3650 1267 3695 et
1280 3641 1437 3695 obscuratum
1449 3649 1486 3695 eat
1506 3639 1626 3708 insipient
1645 3655 1689 3693 cor
1701 3653 1787 3694 eorum
1803 3636 1866 3693 :ut-

1076 3742 1159 3787 renter
1171 3748 1198 3786 te
1209 3747 1261 3786 esre
1270 3731 1403 3799 rapientes,
1416 3729 1442 3786 id
1455 3739 1505 3792 eet,
1521 3728 1674 3784 dominante
1683 3727 1733 3783 sibi
1743 3726 1865 3797 soperbia

1076 3821 1103 3876 ln
1117 3837 1163 3876 sua
1179 3820 1306 3890 sapientia
1321 3835 1380 3876 sese
1402 3820 1575 3880 extollentes,
1589 3818 1660 3872 ttrtitt'
1672 3818 1734 3886 sorti
1752 3825 1810 3873 tunt
1820 3833 1831 3882 ,·
1841 3828 1867 3871 et

1075 3913 1268 3967 immutaverunt
1278 3912 1385 3982 qloriurn
1402 3908 1598 3980 incorruptibilis
1616 3905 1663 3961 oet
1677 3907 1704 3961 t'n
1717 3907 1864 3961 similitudi·

1076 4020 1132 4058 nent
1152 4003 1270 4073 iotaqinir
1291 4000 1460 4073 corruptibilia
1478 3999 1594 4063 bominis,
1619 4009 1643 4054 et
1668 3998 1813 4065 uoluerunt,
1840 4009 1864 4053 et

1075 4092 1316 4165 quadraminum
1340 4090 1493 4158 impertiunt
1506 4105 1516 4143 .·
1528 4088 1561 4143 od
1589 4086 1770 4157 buirrsrcmodi
1794 4088 1865 4142 euim

1076 4184 1215 4241 simulacra
1235 4181 1368 4239 adoranda
1378 4182 1420 4236 vul
1430 4180 1510 4236 duces
1523 4180 1693 4252 populorum,
1703 4179 1867 4236 rolsectato-

1076 4291 1119 4333 res
1141 4275 1245 4331 luerunt
1267 4293 1274 4327 :
1302 4273 1478 4329 occuluerunt
1500 4283 1574 4343 atque
1598 4273 1867 4327 eunountcrentttroe

1077 4367 1240 4438 potiusquam
1251 4364 1373 4428 Creatori,
1386 4364 1430 4434 qui
1443 4364 1631 4418 estbenedictus
1643 4361 1864 4433 ιιιιιιιιιιιιιιιι.

1077 4475 1095 4523 t,
1110 4458 1194 4515 at-ut
1204 4459 1223 4529 ).
1238 4458 1264 4512 ln
1286 4456 1337 4513 bae
1350 4466 1438 4511 autem
1460 4455 1529 4510 nulla
1543 4466 1584 4509 est
1598 4452 1713 4509 bominis
1725 4452 1864 4522 sapientia,

1077 4552 1127 4607 nisi
1140 4551 1233 4621 pietas,
1243 4565 1294 4621 qua
1306 4548 1482 4605 reeteculitur
1492 4561 1571 4603 verus
1585 4547 1663 4609 Deus,
1674 4545 1700 4601 id
1709 4555 1866 4616 exspectans

1078 4645 1216 4717 praemium
1232 4643 1257 4698 in
1271 4643 1397 4698 societate
1413 4651 1576 4705 sanctorum,
1600 4653 1652 4701 non
1668 4637 1756 4693 solum
1777 4635 1864 4692 bomi-

1078 4749 1152 4800 num,
1176 4733 1361 4789 verumetiam
1375 4732 1544 4801 Angelorum,
1560 4739 1586 4782 ut
1598 4730 1631 4783 rit
1645 4727 1717 4792 Deua
1730 4727 1818 4791 onnon
1838 4727 1864 4781 in

1078 4825 1193 4879 nutribat
1208 4823 1238 4894 (l
1254 4822 1312 4878 Cor.
1326 4837 1370 4886 ιι,
1384 4821 1420 4877 28
1430 4820 1448 4891 l.

1114 5001 1122 5032 ¹
1139 4998 1191 5049 sola
1203 4996 1353 5057 editiotem,
1368 4994 1421 5047 ttlo·

1110 5081 1136 5140 (a
1158 5088 1182 5130 tn
1193 5080 1255 5131 libro
1265 5079 1393 5129 undecimo
1409 5076 1442 5126 de
1452 5082 1538 5128 Genesi
1550 5077 1699 5128 atltltterem
1720 5087 1745 5124 n.
1757 5073 1798 5133 Ὦ,
1807 5087 1868 5136 upote

1079 5142 1219 5193 decoritate
1235 5142 1278 5191 bei
1297 5141 1335 5189 btt
1345 5140 1428 5190 uerbis
1443 5138 1621 5201 pollicebatur:
1637 5138 1686 5187 etti
1699 5110 1748 5186 duo
1762 5149 1867 5208 ιιιιιιιιιις,

1082 5216 1206 5255 «tuorum
1215 5202 1381 5256 altersanetus
1392 5208 1439 5260 est,
1452 5199 1514 5249 alter
1525 5200 1675 5259 iurmundus;
1688 5197 1750 5247 alter
1762 5196 1868 5249 merulas.

1082 5283 1094 5311 ι
1105 5279 1118 5312 a
1128 5273 1167 5315 ter
1177 5265 1312 5325 ploratus...
1324 5262 1488 5311 distinxerunt
1498 5261 1606 5311 conditas
1616 5263 1640 5310 ia
1652 5272 1747 5322 genere
1763 5259 1869 5326 Ιιιιιιιιιιιι

1082 5326 1217 5376 «ciuitates
1226 5324 1316 5373 duas...
1328 5331 1362 5372 be
1372 5323 1462 5386 quibus
1476 5321 1571 5371 duabus
1585 5323 1721 5375 unitatibus
1734 5319 1807 5371 latius
1823 5321 1868 5369 lor«

1082 5406 1094 5434 ι
1104 5393 1169 5438 tasse
1180 5385 1228 5436 alio
1238 5383 1300 5448 tneo,
1313 5385 1334 5435 si
1346 5386 1459 5435 butuinus
1471 5383 1583 5446 voluerit,
1594 5383 1750 5434 dissencione.
1762 5396 1775 5427 ι

936 5552 1172 5637 *πῦον-’-
