3900 6390
280 318 328 371 all

279 438 382 497 arrepta
395 429 420 480 iu
435 439 551 488 tcatporc
565 425 669 476 sibimet
681 422 752 474 relat
766 419 836 488 ricga
851 419 948 483 oblata,
964 430 1054 473 contra

280 501 352 554 illota
364 499 506 551 draconem
520 496 682 547 teierriauntt
692 503 718 544 et
732 489 951 542 tortuosissimam
966 492 1056 542 decer·

279 573 351 623 tarit.
366 567 467 635 Quom,
482 566 529 617 etsi
550 564 594 616 dia
614 564 726 616 exercita
740 559 837 627 dinque
854 559 888 610 ab
912 561 1056 612 reluctante

279 637 429 692 adversaria
440 635 580 694 delassata,
592 633 624 684 ad
651 642 796 684 extremum
813 638 910 686 taatea,
926 630 1055 681 ubiilltua

280 710 305 762 itt
324 707 408 775 capite
424 706 561 775 percussit,
580 703 706 756 cantiano
721 699 869 768 prostravit.
884 700 941 764 Quo
956 699 1057 767 trepido

279 777 373 845 gattdio
385 773 577 842 expergefacta,
592 783 674 825 strato
689 769 811 822 exsiliens
823 768 962 834 evigilavit.
979 770 1056 822 Catu·

279 846 434 916 quesotuaii
447 844 486 897 sai
501 843 563 904 qnid
584 843 650 896 tatio
670 839 838 907 portenderet
851 837 988 905 cogitaret.
1009 851 1058 892 acc

280 916 379 984 liquido
396 914 541 981 intelligere
561 911 703 969 caluisset,
725 906 819 960 exinde
840 908 926 959 oravit
947 908 1055 968 visibtri,

280 986 481 1052 cortitrtnatique
496 982 614 1050 poposcit
627 981 646 1046 ¹,
667 994 698 1032 ac
712 977 808 1032 deinde
827 991 855 1029 se
869 976 948 1041 quieti
962 978 1058 1044 peruri·

285 1061 321 1109 tit.
340 1055 406 1107 Ιιιιι
418 1055 506 1105 denuo
518 1051 588 1105 ridet
601 1051 673 1104 ilium
685 1048 808 1101 decorum
822 1045 909 1103 babitu
923 1046 1056 1111 juvenem,

283 1128 354 1178 ιιιιιι
367 1135 437 1178 reste
454 1124 605 1192 l'ulgeulent,
621 1117 749 1173 aestatim
760 1116 858 1185 jacenti
873 1115 977 1168 sibimet
988 1117 1058 1169 relat

280 1211 358 1247 matut
383 1204 511 1262 porrecta,
531 1189 630 1244 audiuit
647 1188 781 1257 jubentem
802 1184 950 1254 pariterque
968 1185 1058 1239 dicea-

279 1276 330 1316 ltnn
346 1283 352 1315 :
368 1263 461 1331 Surge,
483 1262 520 1315 sie
542 1260 652 1315 curaris.
673 1257 709 1311 At
728 1270 789 1308 tera
809 1254 929 1322 Megetia,
951 1266 978 1307 ιιι
996 1265 1057 1309 ante

280 1335 382 1387 interdico
401 1332 499 1386 homiui
514 1331 600 1384 iacere
616 1331 803 1388 consueverat,
821 1326 906 1392 capite
920 1326 1056 1392 tqqtnstto,

277 1404 352 1471 qttasi
370 1401 479 1456 serenda
501 1415 546 1453 ora
561 1413 607 1452 saa
627 1397 650 1452 ei
671 1395 806 1450 offerebat.
827 1394 879 1446 Sed
895 1393 947 1458 iile,
968 1402 1057 1462 utpote

279 1473 423 1541 ignorantis
433 1469 684 1538 corrigettsiaclmu,
697 1464 925 1532 respoatliteidem
942 1483 947 1513 :
960 1463 1056 1531 thuid

280 1545 331 1597 bac
349 1540 431 1595 iacis?
451 1542 525 1595 Prius
539 1548 599 1592 suat
614 1537 659 1591 tibi
679 1534 748 1589 ocali
767 1534 884 1586 curandi.
905 1533 947 1584 llla
970 1534 1058 1587 tetulit

279 1612 370 1666 dicens
384 1630 390 1664 :
406 1610 515 1665 iloatiuc
530 1623 620 1670 ttteus,
634 1605 723 1659 oculos
734 1618 812 1656 sanos
826 1603 919 1665 babeo,
931 1603 977 1654 sed
989 1613 1016 1653 ut
1027 1618 1057 1657 ns

280 1698 367 1734 tuctuu
388 1697 464 1735 cures
485 1694 557 1748 rogo.
583 1673 789 1737 litille1lant,
811 1673 903 1736 inqiut,
927 1673 970 1723 tilii
992 1673 1055 1738 tltai,

280 1753 352 1821 prius
365 1761 427 1805 snat
439 1753 464 1804 io
476 1760 502 1804 te
514 1749 581 1802 oculi
593 1746 710 1799 earaadi.
725 1744 798 1795 Tunc
811 1745 878 1795 relnt
890 1741 1005 1795 coeltstis
1015 1757 1057 1793 ar-

279 1821 406 1882 chiatrus,
425 1821 517 1886 spirita
539 1817 625 1872 cordis
643 1822 742 1868 secreta
764 1812 958 1880 introspiciens,
983 1812 1056 1879 quasi

279 1899 366 1944 cutem
378 1890 559 1944 medicinalem
571 1886 708 1955 cotlyrimu
722 1882 854 1951 imposuit,
864 1882 955 1935 oculos
964 1895 1057 1947 super·

280 1960 374 2024 liuirit,
388 1971 466 2029 atque
487 1959 608 2013 discessit
628 1956 676 2026 (a).
693 1953 789 2008 vernn
809 1966 867 2004 caat
889 1965 965 2003 mane
988 1950 1057 2004 iacto

280 2030 331 2084 boc
344 2025 887 2099 ipsuntreligio-ablcgctiasntauiamsuum
896 2021 1056 2075 clarissimis

280 2106 334 2153 suis
348 2109 375 2154 ct
387 2099 559 2153 sanctissimis
571 2093 819 2152 l'eatiaisiadiearet,
836 2091 925 2153 inipso
935 2105 1056 2144 scrutano

281 2170 436 2223 narrationis
455 2185 510 2223 sum
529 2167 597 2220 altro
617 2164 697 2217 carde
716 2170 857 2225 coamaata
873 2169 900 2212 et
921 2160 1056 2226 eujusdam

279 2241 377 2316 precati
398 2239 437 2292 sni
453 2236 633 2293 recordatione
652 2233 738 2286 subito
757 2231 898 2290 stimulata,
921 2239 1056 2298 peccatum

279 2325 356 2364 staua
374 2308 495 2364 coaliteri
509 2323 560 2361 noa
575 2303 684 2365 distulit,
698 2301 755 2366 sed,
775 2302 842 2354 sicat
857 2300 982 2368 scriptam
1004 2309 1054 2366 est,

279 2381 402 2433 deliciunt
415 2395 489 2432 suom
503 2376 617 2446 agnouit,
629 2384 656 2427 ιι
674 2370 826 2439 injustitiam
844 2384 918 2422 suam
931 2384 983 2422 aea
993 2384 1056 2437 ope·

279 2451 332 2503 ruit
343 2449 425 2517 (Prot.
440 2464 510 2510 rarat,
522 2446 558 2517 a).
571 2446 637 2499 Ecce
647 2457 711 2511 ergo
720 2441 763 2509 qui
775 2440 811 2492 illi
821 2440 972 2494 crantoculi
985 2442 1056 2506 prius

279 2519 398 2583 curandi,
422 2534 473 2572 noa
496 2513 724 2585 utiqnccorporis,
747 2510 793 2563 sed
812 2509 909 2573 cordis,
933 2510 1057 2578 quodni

279 2589 421 2655 spiritualis
429 2587 559 2646 aradiens.
571 2585 700 2654 gloriosus
712 2579 860 2648 Stepltanus
878 2580 1056 2647 pronuntiavit

280 2659 316 2710 illi
328 2660 437 2712 dicetts:
455 2657 529 2711 l’cius
548 2662 609 2709 sunt
622 2654 667 2705 tibi
685 2650 752 2704 oculi
772 2649 889 2703 circandi.
904 2649 1054 2703 Sauandtaa

279 2729 375 2798 quippe
396 2736 455 2781 ctat
475 2725 544 2794 troiad
567 2726 688 2778 uitiosum
709 2720 804 2773 latebat
818 2719 844 2772 ia
859 2730 958 2782 utente,
973 2730 998 2771 nt
1016 2721 1055 2773 sie

280 2795 385 2852 deatum
407 2806 544 2850 sanaretur
567 2794 636 2864 qaod
659 2791 827 2860 depravatum
849 2789 1005 2842 cernebatur
1029 2791 1054 2844 itt

279 2881 400 2935 corpore.
415 2866 481 2919 ilinc
492 2866 534 2919 ille
544 2877 647 2932 ιμιιιιμιι
660 2860 809 2914 teterrimas
819 2873 936 2927 serpens,
951 2861 995 2938 qai
1009 2876 1054 2912 su-

280 2951 327 3005 per
339 2946 417 3004 captu
434 2936 566 2994 utilitaltat.
587 2935 647 3001 qaia
664 2929 834 3001 principalem
850 2928 983 2982 ratioaalts
997 2931 1054 2982 ani·

280 3022 330 3060 maa
343 3017 457 3061 utentem
470 3005 614 3067 obtinebat,
625 2999 800 3054 cattoereadus
815 2998 899 3051 itterat
909 3007 937 3052 et
947 2998 1054 3052 vincea-

258 3077 340 3131 sdus.
364 3076 429 3129 Data
450 3076 520 3130 enim
546 3085 633 3127 reatus
662 3071 788 3139 cuiusque
809 3068 897 3122 delicti
923 3068 1056 3123 luttuiliter

279 3148 438 3215 :tgttoscitnu
449 3154 527 3214 caput
538 3143 637 3197 colubri
648 3138 954 3209 poeaiteudoqaassatar,
967 3139 1054 3193 cordis

204 3218 212 3231 ‘
279 3216 372 3270 oculas
393 3215 542 3269 caalttctnto
565 3222 697 3281 purgatur.
719 3208 877 3263 Duodecimn
900 3209 978 3276 igitur
1000 3208 1053 3268 die,

279 3303 310 3339 ex
321 3302 373 3356 qno
387 3301 446 3340 cum
457 3300 503 3339 sua
514 3284 546 3336 ad
565 3285 682 3334 ataricum
703 3280 748 3332 [lei
760 3286 869 3332 uenerat
881 3289 973 3341 matre,
992 3279 1054 3332 duta

279 3365 337 3409 (aral
350 3355 382 3409 ati
395 3355 480 3420 loctpa
494 3363 602 3407 sacratur
614 3350 744 3404 lienteria
757 3349 863 3417 pulsaas
876 3348 935 3401 lidei
947 3349 1052 3416 pictate,

280 3440 332 3479 noa
346 3425 431 3479 saluta
441 3424 534 3478 allecta
545 3421 642 3483 cordis,
652 3434 744 3473 acrum
755 3419 833 3471 etiam
844 3427 915 3469 motu
926 3419 1053 3485 cat-poris,

279 3497 335 3564 ipsa
347 3495 440 3548 ostiola
452 3493 582 3548 lienteria
592 3491 702 3560 iutpnlsa
716 3489 847 3556 patefecit,
856 3501 887 3540 ac
895 3488 944 3541 uita
956 3487 1055 3541 lateicas

279 3580 361 3633 regno
379 3565 435 3628 Ilei,
449 3571 612 3633 eaputsuttm
631 3559 773 3612 intromisit
791 3556 953 3621 lateritiam
975 3572 1055 3625 sttpter

278 3634 364 3689 cubile
378 3643 527 3687 sanctarum
551 3631 720 3698 reliquiarum
742 3629 861 3688 coalixit,
880 3627 1055 3697 lacrymisque

278 3705 334 3757 suis
346 3705 434 3756 omnia
448 3702 501 3756 illic
516 3701 587 3763 latit,
602 3709 680 3769 atque
695 3699 798 3766 rigavit.
815 3697 909 3750 l'erum
930 3713 992 3749 ecce
1010 3696 1055 3750 illa

278 3775 391 3842 desuper
403 3773 544 3826 miserante
566 3768 609 3838 qai
633 3768 822 3837 appropinquat
840 3766 959 3819 contritis
976 3770 1055 3821 cardo

279 3841 363 3910 (Psnl.
375 3846 474 3906 catat).
487 3840 595 3908 blegetia
612 3839 705 3891 latnuta
718 3837 762 3890 llei
773 3836 884 3904 quadam
899 3837 947 3888 sibi
960 3836 1054 3890 visibili

278 3924 305 3967 et
326 3911 481 3967 attrectabili
495 3925 573 3964 tnauu
594 3924 625 3961 os
647 3922 722 3963 suunt
745 3908 839 3975 corrigi
855 3912 881 3957 et
894 3906 1055 3974 compalpari

279 3983 418 4054 persensit.
434 3982 498 4048 Quae
511 3988 680 4049 posteaquam
690 3978 723 4028 ab
733 3978 852 4030 oratione
865 3987 989 4040 surrexit,
1002 3978 1055 4028 cir·

278 4052 470 4106 cttmstaatibus
482 4050 570 4105 altaris
582 4051 710 4118 uirginum
724 4057 884 4108 sanctarum,
906 4045 1055 4116 ibidemque

280 4139 328 4191 pro
341 4123 384 4175 illa
396 4130 493 4175 etcum
508 4120 551 4173 illa
567 4119 619 4172 ileo
632 4115 884 4179 laudesdiceatium,
901 4125 1016 4169 treatcus
1028 4125 1056 4170 et

277 4193 394 4262 gaudeas
411 4194 460 4245 bae
482 4192 566 4257 ipsum
588 4188 719 4241 indicarit.
742 4184 825 4251 Qttale
843 4195 904 4239 tuuc
920 4197 1056 4253 quantum·

277 4278 329 4333 que
338 4263 366 4314 ia
382 4263 503 4313 ιιιιιιιιιιιιιΙ
514 4260 643 4312 trientibus
651 4255 866 4323 itteritgaudium‚
877 4265 903 4309 et
911 4255 987 4307 detuli
995 4264 1056 4310 aute

279 4335 364 4402 ipsum
374 4331 453 4382 ileum
464 4329 616 4382 excitarerit
630 4326 762 4388 affectatu,
770 4326 1054 4394 tixpoteriteaplicari.

314 4402 340 4455 t.
356 4399 409 4454 Sed
423 4407 563 4466 antequam
575 4407 657 4465 gest-c
672 4396 708 4449 rei
723 4395 756 4449 ad
772 4395 850 4449 itnent
863 4397 1055 4463 optatissimum

278 4472 424 4532 ueniamus,
436 4468 479 4521 obi
490 4470 593 4536 plenam
600 4465 793 4534 perfectamque
803 4466 913 4518 salutem
927 4465 1056 4534 religiosae

279 4541 407 4610 bicgetiar,
422 4537 514 4591 datico
526 4537 571 4590 Dei
583 4546 693 4590 curante
707 4543 785 4603 atque
803 4533 947 4588 auxiliante
965 4538 989 4588 ia
1007 4553 1056 4592 llo·

279 4613 350 4665 tuine
362 4606 471 4672 Claristi,
483 4606 687 4662 demonstraturi
706 4617 806 4669 sumus,
827 4603 899 4671 quod
921 4605 948 4658 ia
968 4605 1056 4659 medio

279 4681 357 4750 bajus
371 4678 443 4733 allud
454 4676 608 4731 mirabiliter
620 4674 766 4742 ctnuigcrit,
781 4687 945 4742 nequaquam
961 4687 1055 4743 atracte-

278 4751 331 4804 rire
350 4749 488 4804 debemus.
506 4746 572 4800 Cum
590 4745 672 4797 iertne
692 4744 861 4811 qradraginta
883 4743 974 4797 diebos
987 4746 1056 4800 circa

278 4819 361 4876 saneti
376 4819 496 4888 llartyris
509 4816 594 4869 laeum
608 4813 707 4866 oranda
721 4823 804 4865 atater
818 4811 923 4880 liliaque
934 4817 1057 4881 persiste-

279 4898 348 4953 rent,
364 4902 426 4943 eece
446 4896 554 4956 repente
572 4883 736 4937 reuicutibtts
751 4883 854 4943 litteris,
869 4882 973 4936 sibimet
991 4883 1056 4937 Car·

279 4960 385 5028 tltagiae
398 4957 516 5021 directis,
535 4968 587 5023 quo
604 4965 678 5022 pater
695 4954 787 5021 puellae
805 4950 964 5005 ltanmabilis
987 4953 1055 5005 l’oa-

279 5031 330 5081 tius
338 5028 468 5083 diceretur
477 5038 588 5094 corpore
597 5031 734 5092 egrotare,
745 5021 777 5074 ad
787 5021 909 5075 eamdent
919 5021 1056 5075 uisendam

279 5097 313 5150 de
327 5097 448 5150 Uzeleasi
464 5095 569 5149 ciuitate
592 5093 714 5161 proiectae
736 5101 806 5145 sunt.
830 5090 925 5144 llertun
947 5106 1007 5145 caat
1031 5093 1057 5145 iu

280 5165 369 5219 medio
381 5167 493 5229 itineris,
505 5174 616 5216 aestuum
630 5175 719 5222 eausa,
733 5160 836 5214 latendi
846 5162 964 5231 eorporis
974 5162 1057 5231 gratia

280 5234 391 5287 lavacris
411 5237 448 5288 uti
470 5233 629 5295 uoluissent;
645 5228 728 5284 adluit
750 5232 775 5284 itt
797 5231 920 5298 prasenti
937 5231 1056 5299 quaedam

280 5304 422 5357 domestica
430 5305 463 5356 ab
471 5303 568 5356 iatldeli
579 5301 681 5369 cogaiut
693 5299 800 5369 liegetia
810 5309 837 5353 et
847 5301 872 5353 ia
883 5301 986 5360 obuiam
996 5301 1058 5354 mis·

279 5375 337 5437 sa'‚
351 5387 405 5426 aaa
418 5382 470 5426 tam
482 5373 514 5425 ad
534 5371 709 5435 salutandum,
727 5384 804 5438 qnam
818 5373 906 5436 potius
920 5371 952 5426 ad
966 5375 1056 5439 espla-

311 5523 319 5555 ¹
337 5529 407 5571 tarta
416 5517 497 5576 nuel,
508 5516 646 5589 clemgcrlt.
655 5532 726 5589 pagg.
736 5519 790 5577 ata,
799 5520 852 5581 360,
866 5522 996 5587 legendam
1008 5535 1057 5578 est:

280 5584 367 5632 ratrtdc
378 5597 420 5632 ora
429 5582 520 5632 statius
530 5581 711 5647 confirmarique
719 5583 829 5641 statuerit.
862 5593 888 5635 lt.

314 5648 323 5673 ¹
339 5650 416 5703 torte,
426 5651 524 5707 cogrmttt
537 5647 640 5700 llegrltie
652 5642 675 5689 iu
687 5643 776 5691 ebriata
789 5646 867 5696 attissa.

312 5706 347 5759 iel
364 5711 436 5755 lacus
446 5708 578 5762 arrruttt‘ta·

692 306 919 364 abellanis-
940 308 981 360 DE
1001 307 1180 366 llllttctttls
1198 313 1313 368 SthiI'l'i
1332 310 1497 368 STEPHANI

1842 304 1895 368 trs

1111 423 1231 478 randum.
1245 425 1307 492 Qua
1318 440 1377 478 cum
1387 423 1516 479 curiosius
1527 431 1634 490 cuperet
1647 423 1795 477 teneatue
1806 424 1884 495 blege-

1111 492 1153 545 tta
1168 496 1235 549 nuda
1250 512 1295 548 nra
1318 495 1456 560 inritusque
1469 495 1631 562 conspicere,
1654 494 1763 547 intrarit
1788 510 1846 548 caat
1861 514 1887 549 ca

1110 563 1136 615 itt
1151 565 1303 634 obsequium
1320 568 1339 626 ¹,
1352 575 1378 617 et
1393 563 1436 618 ubi
1450 572 1574 632 quantum
1590 564 1674 617 voluit
1697 563 1723 617 ia
1742 566 1835 617 taciem
1851 566 1889 616 ιι-

1111 633 1187 685 nuile
1198 635 1243 688 oet
1255 636 1376 695 intendit,
1388 648 1496 702 prorsus
1507 635 1636 703 integrum
1647 633 1777 687 sibitaeta
1799 649 1888 702 parcns

1110 718 1140 755 us
1152 702 1270 773 liegetiar
1284 717 1430 773 sanumque
1450 705 1594 769 conspexit.
1609 704 1669 771 Qua
1682 704 1751 767 riso,
1765 719 1782 756 o
1816 713 1887 770 lupt-

1111 770 1176 826 iaeta
1198 785 1276 844 atque
1298 775 1390 828 unitata
1414 772 1457 825 illa
1471 772 1624 834 domestica,
1638 787 1700 841 quar
1719 773 1792 827 aliud
1814 790 1888 841 qnam

1110 844 1232 909 sperabat
1244 845 1352 907 iareait,
1361 844 1485 897 continua
1497 841 1530 896 ad
1540 843 1681 911 quamdam
1690 843 1767 911 juxta
1779 852 1887 896 stantem

1110 925 1211 966 sacram
1231 915 1357 982 virgittem
1380 913 1508 967 eottrertit
1526 927 1594 971 sese.
1608 922 1636 966 el
1651 913 1811 966 nominatim
1833 927 1888 965 eata

1110 983 1272 1050 compellans
1285 986 1341 1037 ait:
1359 983 1446 1036 laiars
1469 981 1632 1045 llclpidiaaa,
1646 997 1710 1035 saaa
1727 992 1770 1036 est
1784 997 1890 1051 prorsus

1109 1050 1215 1107 dnatiaa
1230 1053 1348 1123 llcgetia.
1365 1053 1409 1106 Sic
1423 999 1493 1105 baim
1516 1052 1560 1105 ilci
1575 1052 1658 1119 gratia
1669 1053 1777 1120 rigebat
1791 1054 1817 1106 in
1838 1053 1889 1106 lle·

1108 1124 1187 1189 gotia,
1204 1132 1241 1184 nt,
1258 1123 1320 1176 lieet
1332 1123 1389 1191 eius
1408 1121 1510 1190 plenior
1521 1136 1584 1175 cura
1605 1121 1631 1175 ia
1646 1135 1761 1189 corpore
1773 1138 1805 1175 ex
1820 1133 1890 1190 parte

1109 1192 1196 1260 aliqua
1209 1193 1366 1254 diibrrotur,
1379 1192 1492 1258 perlecta
1505 1201 1590 1243 tatttou
1602 1192 1723 1244 sanitatis
1733 1192 1837 1260 speeies
1851 1209 1890 1245 re·

1111 1263 1281 1315 rerlterandis
1295 1262 1488 1316 incredulorum
1497 1261 1840 1328 tmulisoltjieerettrr.Qttrtd
1849 1262 1889 1315 illa

1110 1332 1204 1384 ancilla
1212 1333 1256 1387 Dei
1266 1333 1415 1400 intelligens
1423 1345 1544 1398 magnum
1553 1332 1707 1388 austeriora
1719 1332 1777 1390 ilai.
1787 1332 1823 1386 illi
1835 1348 1890 1384 tau·

1110 1399 1224 1455 liereulm
1234 1402 1467 1471 respoadudireas
1479 1419 1485 1453 :
1498 1390 1636 1461 lucrednli,
1644 1402 1685 1454 rel
1693 1401 1887 1455 inodaereditr.

1145 1471 1171 1524 8.
1181 1473 1281 1526 Rursus
1290 1471 1358 1539 apud
1366 1471 1550 1537 Cactltagiaem
1560 1486 1620 1523 euttt
1633 1471 1771 1525 bettetlicta
1783 1471 1888 1540 tregam

1109 1540 1221 1609 quadam
1233 1543 1276 1595 dte
1285 1557 1344 1594 cttttt
1356 1541 1466 1593 airasuo
1477 1555 1578 1608 pagano
1586 1555 1737 1595 sermonem
1746 1541 1887 1600 coniceret.

1109 1621 1136 1663 et
1149 1611 1217 1665 iuter
1230 1611 1331 1666 salutlas
1354 1611 1416 1664 dum
1439 1611 1496 1661 tiro
1515 1625 1563 1663 suo
1587 1624 1635 1663 ore
1650 1611 1755 1677 integro
1768 1612 1889 1679 cultuque

1109 1692 1256 1747 appareret,
1281 1691 1428 1734 commotus
1449 1678 1493 1732 udi
1516 1680 1617 1732 visinac
1633 1682 1673 1733 ιιι
1685 1680 1745 1749 ejus
1766 1683 1889 1750 gratulari

1109 1751 1189 1819 coepit
1203 1767 1233 1804 ae
1247 1752 1335 1804 dicere
1350 1766 1357 1804 :
1373 1749 1482 1804 [lomina
1496 1748 1615 1818 blegent,
1636 1764 1728 1802 sanam
1746 1760 1772 1803 te
1785 1765 1888 1820 prorsas

1108 1821 1218 1887 aspicio.
1235 1822 1329 1874 Verum
1345 1819 1387 1873 illa
1402 1817 1592 1871 dissimulando
1604 1820 1709 1872 interim
1720 1821 1888 1890 tegensqand

1109 1888 1196 1943 diviua
1211 1893 1292 1944 virtus
1306 1890 1331 1942 iu
1351 1904 1380 1943 se
1393 1888 1601 1952 detaoustrabat,
1623 1892 1760 1942 seruntuis
1774 1891 1814 1943 sai
1830 1906 1888 1944 cur-

1108 1973 1167 2012 suat
1180 1963 1295 2015 tenebat.
1310 1958 1454 2026 itidemque
1475 1958 1518 2011 ille
1535 1958 1605 2028 quod
1617 1958 1723 2014 uidebat
1739 1970 1828 2013 meere
1840 1977 1887 2014 noa
1908 1982 1913 1992 ·

1109 2039 1221 2096 poterat,
1236 2041 1263 2083 et
1275 2030 1344 2083 sicut
1357 2029 1428 2096 prius
1445 2027 1530 2080 eidem
1546 2028 1725 2096 respondebat
1753 2045 1762 2084 ι
1781 2028 1888 2084 Sanaos

1108 2113 1226 2167 prorsas,
1240 2101 1293 2153 [leo
1306 2104 1413 2169 gratias.
1428 2098 1462 2150 bt
1474 2097 1516 2151 illa
1536 2098 1642 2164 impleta
1659 2099 1768 2166 gaudio,
1785 2101 1888 2153 tatttlem

1108 2169 1256 2233 subridens,
1270 2171 1307 2223 ait
1317 2169 1429 2222 atarito:
1445 2166 1491 2220 Vel
1506 2167 1583 2221 modo
1594 2169 1648 2235 iam
1659 2169 1754 2223 credes
1767 2171 1888 2222 tlltristo?

1108 2237 1142 2291 Et
1155 2240 1197 2294 ille
1214 2258 1220 2293 r
1236 2239 1302 2306 Quid
1318 2239 1373 2301 ris,
1389 2238 1487 2306 inquit,
1508 2237 1599 2291 luciam
1613 2241 1681 2307 patri
1696 2239 1778 2294 meo?
1793 2256 1852 2292 nata
1864 2250 1888 2294 et

1107 2322 1155 2378 ego
1167 2310 1325 2364 cltristiaaus
1339 2308 1393 2361 lieri
1408 2308 1478 2359 volo.

1142 2379 1168 2433 9.
1182 2380 1233 2435 Sed
1250 2381 1342 2449 utiam
1358 2379 1390 2430 ad
1412 2376 1551 2430 terminum
1564 2391 1642 2445 quem
1660 2378 1833 2446 promisimus
1844 2394 1887 2434 re·

1107 2449 1219 2516 aiamas,
1233 2451 1290 2504 dies
1304 2447 1411 2503 Pascit-e
1420 2449 1601 2500 sanctissimus
1610 2448 1816 2515 propinquabat,
1830 2464 1886 2504 ecoe

1106 2519 1241 2575 benedicta
1252 2521 1362 2588 blegetia
1372 2533 1386 2569 a
1396 2517 1507 2586 quadam
1518 2518 1601 2571 amica
1612 2528 1692 2586 atque
1702 2516 1785 2571 ttitbili
1798 2519 1886 2572 [emina

1108 2588 1213 2644 Rustica
1226 2591 1376 2658 rogabatur,
1393 2598 1421 2641 nt
1434 2599 1495 2642 roto
1509 2601 1557 2640 suo
1578 2587 1706 2641 solvendo
1727 2588 1807 2641 beato
1821 2604 1887 2641 taar-

1107 2660 1157 2729 tyri
1171 2660 1303 2732 Cypriane
1318 2661 1343 2713 ia
1360 2657 1485 2724 llappalia
1499 2672 1587 2711 seeum
1604 2663 1737 2725 pergeret,
1752 2668 1780 2711 ιι
1792 2658 1887 2711 sttlcm·

1106 2729 1182 2784 aitati
1198 2732 1294 2798 pariter
1308 2731 1456 2782 interesset.
1474 2726 1549 2794 Quod
1565 2725 1673 2794 blegetia
1689 2727 1779 2781 [atcere
1797 2743 1827 2780 sc
1839 2743 1886 2781 aon

1106 2813 1184 2866 posse
1197 2800 1364 2859 causabatur,
1379 2797 1467 2850 scieas
1477 2796 1538 2866 qnid
1557 2797 1582 2848 ia
1596 2810 1626 2848 sc
1639 2796 1685 2850 [lei
1698 2798 1817 2864 potentia
1831 2797 1887 2850 inlr·

1106 2868 1204 2923 delium
1219 2866 1472 2926 oculisesteaderct,
1487 2864 1548 2934 quid
1565 2866 1641 2932 pleae
1652 2866 1745 2919 salotis
1755 2869 1766 2897 ²
1776 2868 1887 2921 caelestis

1105 2940 1189 3006 gratia
1204 2947 1359 2994 reservaret.
1370 2936 1469 2990 Tamen
1483 2937 1594 2989 arnicant
1611 2937 1772 2990 contristare
1787 2936 1883 2995 ualeat.

1107 3024 1158 3062 noa
1174 3011 1277 3078 penitas
1297 3008 1409 3076 inegerit,
1427 3007 1474 3060 sed
1494 3006 1571 3074 plaac
1586 3005 1620 3058 ad
1638 3005 1712 3058 illum
1731 3007 1803 3060 dieta
1821 3008 1886 3074 quod

1106 3077 1176 3134 lletts
1192 3080 1315 3134 coluisset
1338 3079 1464 3130 l'aetttraai
1480 3091 1509 3129 so
1530 3090 1589 3130 csse
1604 3075 1736 3144 promisit.
1748 3077 1781 3129 Αι
1791 3076 1834 3128 ubi
1847 3077 1885 3129 illa

1105 3150 1190 3202 amieo
1200 3150 1331 3211 discessit,
1345 3163 1396 3200 aon
1414 3146 1513 3200 destitit
1523 3144 1566 3198 die
1576 3153 1709 3213 noctuque
1721 3146 1835 3199 arationi
1847 3147 1885 3199 ia-

1108 3227 1178 3273 stare
1191 3219 1311 3287 liegetta.
1328 3218 1473 3272 buccellam
1493 3231 1557 3269 saue
1569 3216 1640 3267 amai
1655 3215 1699 3269 die
1713 3215 1741 3268 ia
1752 3215 1814 3268 oleo
1827 3230 1884 3268 saa·

1105 3287 1218 3346 ctilicata
1234 3291 1339 3342 tinemut
1353 3289 1425 3354 prius
1435 3285 1596 3352 accipiebat;
1608 3294 1633 3337 ct
1645 3287 1683 3336 sie
1693 3295 1806 3338 caeteros
1816 3285 1885 3338 cibos

1106 3362 1236 3413 sumebat.
1249 3358 1367 3425 Quadmu
1381 3371 1443 3408 rcro
1458 3365 1534 3407 nocte
1548 3354 1661 3407 risitatit
1683 3355 1710 3406 itt
1728 3355 1840 3418 soatttis,
1853 3354 1883 3407 ιιι

1106 3438 1134 3481 ιιι
1142 3429 1251 3497 seinata
1263 3427 1415 3481 bletttnriaat
1430 3427 1496 3478 beati
1508 3425 1632 3492 Stephani
1646 3434 1762 3480 statuent
1777 3434 1883 3492 ptttaret.

1107 3501 1193 3568 ibique
1213 3499 1336 3566 jttvcnent
1361 3496 1431 3547 illam
1453 3497 1599 3564 speciosam
1623 3504 1756 3555 cerneret,
1777 3494 1883 3548 caatlida

1107 3570 1164 3623 luce
1179 3569 1346 3636 perlustraret
1360 3564 1455 3633 iusigui
1470 3581 1538 3632 equa
1552 3565 1718 3624 subactum,
1739 3563 1883 3630 lampados-

1106 3655 1156 3710 que
1171 3637 1338 3706 titratttpinres
1351 3635 1477 3697 lineales,
1490 3649 1520 3687 ac
1531 3633 1683 3699 praecedens
1693 3635 1718 3685 ci
1732 3632 1885 3700 splendidis·

1106 3712 1201 3763 sitmun
1220 3717 1389 3774 apparatura,
1412 3705 1513 3770 sibique
1527 3703 1560 3756 ab
1575 3703 1668 3757 eodem
1683 3703 1756 3756 clara
1770 3718 1834 3755 roco
1846 3703 1883 3753 tli-

1106 3790 1177 3835 ctam
1192 3795 1198 3830 :
1215 3780 1254 3830 llil
1269 3786 1293 3829 te
1305 3777 1417 3844 pertinet
1428 3775 1477 3827 ista
1492 3776 1545 3834 tua,
1558 3772 1677 3841 bigeba,
1687 3773 1794 3841 suscipe
1805 3772 1882 3824 illata.

1107 3850 1169 3905 Post
1179 3862 1256 3917 qaam
1271 3847 1398 3897 visionem
1411 3842 1593 3912 expergefacta
1610 3843 1760 3909 gaudiisque
1777 3845 1883 3908 repleta.

1106 3922 1193 3974 statim
1209 3917 1252 3969 abi
1267 3928 1398 3968 sesanam
1413 3914 1515 3974 sensit,
1533 3926 1626 3966 tttatuts
1645 3925 1707 3964 suas
1720 3910 1752 3964 ad
1768 3926 1800 3965 as
1812 3926 1884 3964 sanai

1108 3990 1252 4053 iacietuque
1262 3983 1450 4052 inspiciendam
1460 3982 1608 4051 applicarit,
1622 3990 1648 4033 ct
1658 3982 1733 4050 quasi
1745 3982 1886 4049 praenimia

1105 4058 1201 4130 gaudio
1214 4056 1264 4109 soli
1277 4055 1326 4108 sibi
1341 4068 1392 4106 nott
1409 4052 1530 4111 eredens,
1544 4051 1653 4107 ancillas
1669 4066 1732 4103 suas
1747 4065 1807 4118 qaae
1818 4049 1884 4103 eirca

1107 4131 1203 4185 lectum
1217 4141 1292 4178 suum
1307 4122 1487 4193 quiescebant,
1501 4121 1570 4174 clara
1584 4135 1648 4173 roco
1661 4122 1805 4180 excitarit,
1822 4131 1848 4172 ct
1860 4127 1886 4172 at

1106 4201 1138 4252 ad
1150 4213 1178 4251 se
1187 4192 1373 4264 inspiciendam
1382 4203 1460 4260 atque
1468 4188 1696 4256 contemplandam
1706 4201 1883 4249 ιιιιιιιιιιιιι,

1106 4267 1251 4322 atltocaait.
1271 4264 1337 4318 Tum
1350 4262 1410 4322 ilic,
1430 4271 1458 4314 ut
1472 4260 1591 4314 videraut
1609 4261 1635 4312 iu
1656 4258 1765 4313 domina
1780 4273 1827 4312 saa
1838 4259 1884 4312 dn·

1107 4353 1168 4391 nnat
1192 4336 1237 4390 Dei
1257 4334 1338 4387 luisse
1357 4331 1512 4399 impletum,
1529 4338 1671 4397 vittataque
1690 4329 1811 4382 otuaiaat
1830 4344 1885 4382 esse

1107 4405 1264 4478 perlectum,
1277 4416 1370 4456 omues
1385 4402 1481 4469 parber
1495 4401 1520 4453 ia
1534 4399 1649 4453 laetitiam
1663 4398 1884 4460 etelatnareruut,

1107 4486 1134 4532 ιι
1147 4479 1172 4530 itt
1197 4475 1300 4530 iatnleut
1325 4472 1371 4526 [lei
1393 4479 1545 4538 eruperunt.
1559 4467 1672 4522 Advenit
1693 4467 1776 4521 etiaat
1796 4467 1839 4521 ille
1855 4469 1885 4519 ab

1107 4549 1190 4601 amica
1204 4544 1364 4613 prrnsttnnus
1381 4539 1487 4593 sibintet
1499 4539 1566 4604 dieS,
1586 4537 1716 4591 teuitttra
1731 4537 1844 4591 dirersis
1855 4535 1885 4588 ad

1108 4618 1255 4684 religiosam
1279 4610 1424 4681 llegetiam,
1437 4619 1475 4672 ut,
1490 4609 1557 4661 tiettt
1579 4608 1746 4673 protaiserat,
1760 4606 1794 4660 ad
1807 4606 1885 4661 desti-

1109 4695 1197 4740 natam
1212 4685 1297 4737 locuta
1316 4681 1410 4735 cltaras
1424 4692 1486 4731 suas
1500 4692 1552 4731 aaa
1566 4674 1712 4730 deserendo
1728 4691 1839 4746 pergere.
1848 4676 1886 4728 di·

1107 4765 1241 4826 gnarctur.
1255 4750 1307 4806 Sed
1329 4751 1437 4817 blegetia
1452 4748 1497 4800 llei
1519 4745 1614 4800 tantula
1629 4745 1779 4799 uelamento
1792 4745 1885 4804 albae.

1108 4828 1176 4880 sicat
1190 4823 1313 4885 solebat,
1333 4835 1380 4873 ore
1399 4825 1532 4881 catalecto,
1546 4817 1579 4868 ab
1600 4814 1692 4868 intima
1711 4816 1837 4870 eubiculo
1856 4814 1887 4866 ad

1108 4896 1207 4948 amicas
1216 4907 1277 4945 suas
1291 4890 1360 4943 intras
1371 4901 1477 4956 egressa
1486 4898 1537 4939 est.
1550 4885 1620 4950 Quas
1634 4885 1677 4938 ubi
1690 4884 1724 4938 dc
1738 4900 1768 4938 ιι
1777 4887 1887 4953 aliquan·

1108 4965 1154 5017 dia
1168 4964 1257 5016 tristes
1268 4974 1327 5014 esse
1340 4956 1469 5028 pcrtaisit,
1480 4955 1567 5009 subito
1580 4954 1626 5007 illo
1635 4969 1651 5008 a
1661 4953 1728 5008 ιιιιι
1741 4955 1887 5008 velamenta

1109 5034 1207 5098 ablato,
1229 5040 1257 5085 et
1276 5031 1349 5083 vulta
1369 5028 1559 5088 detaoastrato,
1578 5025 1632 5077 ait:
1649 5023 1718 5078 Ecce
1739 5038 1788 5077 ros
1807 5024 1889 5075 videta

1109 5103 1170 5170 quid
1184 5103 1209 5156 ia
1225 5116 1267 5154 me
1288 5099 1355 5152 ileos
1369 5096 1543 5165 dignatusest
1557 5094 1694 5162 perlicere,
1718 5101 1747 5148 ιι
1768 5108 1821 5146 aaa
1838 5108 1889 5144 atc-

1109 5186 1168 5227 cant
1183 5170 1304 5241 gaadmc,
1324 5176 1352 5221 et
1371 5167 1420 5234 ipsi
1434 5165 1544 5219 btttttiao
1565 5178 1613 5233 pro
1632 5177 1675 5217 tue
1694 5163 1793 5232 gratias
1812 5163 1889 5228 agite.

1109 5245 1193 5306 littam
1208 5241 1251 5293 ubi
1264 5251 1356 5292 omnes
1366 5248 1537 5302 conspexere,
1552 5232 1699 5303 gaudentes
1712 5241 1740 5286 et
1753 5233 1902 5286 Dotuimmt‘

1110 5310 1305 5370 benedicentes,
1316 5304 1414 5358 osculis
1424 5304 1550 5366 lambere,
1561 5311 1587 5356 et
1597 5317 1654 5356 eam
1663 5302 1827 5371 complexari
1837 5315 1890 5355 car·

1110 5388 1215 5451 perant.
1236 5377 1310 5432 Tunc
1329 5389 1422 5427 tttttttes
1441 5387 1492 5426 aaa
1511 5372 1543 5430 ad
1564 5371 1703 5427 ecclesiam
1719 5382 1893 5440 perrexerunt

1110 5465 1170 5505 cum
1191 5464 1232 5512 ea,
1255 5456 1282 5500 et
1304 5454 1422 5498 votasaa
1444 5443 1555 5497 Domino
1573 5441 1768 5511 persolverant.
1784 5441 1892 5496 Perae-to

1111 5528 1198 5574 anteat
1209 5525 1300 5571 sancto
1311 5513 1409 5569 Pasclta
1423 5513 1536 5578 llotnini,
1548 5515 1627 5566 etiam
1639 5510 1673 5566 ad
1687 5509 1844 5568 Utaleasetu
1853 5510 1891 5563 ci-

1145 5653 1153 5681 ¹
1171 5643 1307 5708 tegendum
1319 5641 1389 5697 torte,
1400 5641 1425 5690 iu
1437 5639 1571 5706 limpidum.

1145 5713 1155 5743 ⁸
1171 5717 1247 5765 Forte,
1260 5707 1335 5768 plenam
1346 5703 1424 5754 sulttlt'.
