3900 6390
155 295 205 361 iii

155 422 256 469 naturae
269 409 382 465 t'ittcilttt·
403 420 513 471 sensns,
526 419 580 476 quo
601 414 675 459 mors
694 400 766 457 omni
790 399 870 455 modo
886 412 945 453 om·

155 504 235 575 pibus
257 502 358 557 viribus
380 497 572 568 conatibusque
584 497 699 559 ritatur3
719 493 802 549 etita
822 490 946 553 vincitur,

156 605 187 661 pt
199 611 258 666 epae
272 593 413 656 vitabatur,
431 599 552 661 optetur,
570 597 722 658 appetitur,
737 594 776 651 et,
789 585 812 640 si
833 598 886 638 uon
902 595 949 652 po-

157 687 238 745 tuerit
250 685 356 740 aliunde
368 683 533 753 contingere,
546 681 581 736 ab
594 681 651 751 ipso
664 679 773 734 bomine
787 677 893 731 sibimet
908 674 949 728 iu·

156 779 268 836 teratur.
280 777 373 847 liagrm
388 776 428 831 ris
445 785 485 832 est
499 775 525 830 in
535 774 575 829 eis
588 774 680 835 anatis,
693 785 753 842 quas
768 767 950 824 fortitudinem

158 869 260 932 ioelum
272 866 433 923 homicidam
451 882 459 921 ι
471 865 494 921 si
506 873 595 920 tamen
608 863 694 918 adbuc
708 858 822 917 dicenda
840 865 882 914 est
897 857 950 910 ior-

159 959 262 1026 titudo,
274 974 334 1030 quae
342 958 378 1013 ita
390 956 432 1013 bis
439 957 517 1012 maiis
525 955 651 1018 ritteitur,
663 963 693 1009 ut
702 953 849 1015 bominem,
860 963 951 1021 quem,

159 1051 228 1106 sient
251 1049 345 1114 sit-tus,
369 1048 515 1119 regendam
538 1044 720 1115 tuendumque
744 1041 876 1112 suscepit,
900 1053 953 1095 noo

160 1142 241 1199 modo
256 1157 310 1197 non
327 1141 411 1212 possit
432 1154 480 1210 per
492 1138 647 1208 patientiam
667 1134 820 1199 custodire,
835 1131 882 1186 sed
897 1130 954 1201 ipsa

161 1237 272 1307 iusuper
285 1243 395 1308 cogatur
413 1233 547 1289 occidere.
564 1230 648 1286 Debet
663 1229 771 1301 quidem
791 1228 871 1283 etiam
883 1240 955 1280 mor·

164 1337 218 1384 tem
232 1327 340 1398 sapiens
354 1326 425 1381 lerre
435 1325 575 1395 patienter,
587 1322 635 1380 sed
649 1337 709 1393 quac
721 1320 819 1377 accidit
829 1316 954 1374 aliunde:

163 1419 310 1476 secundum
324 1419 389 1474 istos
402 1428 491 1474 autem
510 1417 532 1472 si
547 1431 607 1472 eam
619 1415 669 1471 sibi
692 1414 749 1486 ipse
763 1412 864 1468 iuierre
881 1425 956 1466 com·

164 1510 283 1581 pellitur,
297 1507 415 1579 proiecto
430 1506 566 1563 latendum
577 1514 618 1561 est
629 1505 684 1571 eis,
702 1519 754 1559 non
769 1504 856 1558 solum
876 1500 957 1565 mala,

165 1600 213 1657 toti
227 1599 405 1656 intolerabilia
419 1600 499 1654 etiam
513 1599 583 1653 tonia
597 1612 668 1663 esse,
683 1611 743 1668 qum
757 1595 808 1650 boc
821 1608 882 1650 eum
895 1607 957 1663 per·

167 1701 276 1762 petmre
296 1691 468 1762 compellunt.
492 1690 553 1745 Vita
573 1690 670 1762 igitur,
688 1703 747 1758 qum
771 1687 883 1742 istorum
904 1694 958 1740 tam

167 1800 323 1857 nmguorum
344 1794 451 1854 tanmue
470 1784 589 1854 gravium
611 1782 741 1837 titulorum
761 1788 807 1835 aut
829 1778 960 1849 premitur

167 1877 311 1940 oneribus,
327 1883 373 1930 aut
384 1875 504 1946 subjacet
516 1874 632 1939 casibus,
649 1873 723 1927 nullo
737 1870 817 1925 mode
829 1869 905 1924 beata
919 1866 961 1922 dl·

168 1976 284 2031 caretur,
298 1967 322 2022 si
335 1967 457 2022 bomines
468 1966 513 2037 qui
530 1968 580 2020 boe
592 1963 701 2029 dieunt,
717 1963 785 2019 sicut
802 1961 865 2017 ricti
883 1959 961 2014 malis

170 2059 433 2131 ingravescentibus,
446 2073 507 2112 etim
520 2055 570 2112 sibi
583 2056 709 2126 ingerunt
726 2063 850 2118 mortem,
864 2051 963 2108 cedunt

171 2152 338 2219 infelicitati,
353 2152 388 2206 ita
400 2151 464 2206 victi
485 2149 566 2206 certis
581 2149 743 2210 rationibus,
759 2161 819 2202 cum
840 2151 964 2216 querunt

170 2247 278 2303 beatam
293 2246 384 2306 vitam,
394 2243 567 2315 dignarentur
576 2241 671 2297 cedere
685 2239 799 2301 veritati,
809 2246 836 2293 et
846 2253 902 2318 Ιιιοιι
913 2235 962 2292 sibi

171 2346 297 2410 putarent
319 2337 346 2392 iu
369 2336 420 2392 ista
442 2334 603 2390 mortalitate
625 2333 679 2387 line
698 2330 796 2386 summi
815 2329 877 2386 boui
903 2341 964 2384 esse

172 2428 356 2500 gaudendum3
376 2426 421 2483 ubi
434 2427 545 2482 virtutes
560 2426 635 2495 ipsae,
650 2421 746 2494 quibus
757 2420 800 2476 ltic
812 2427 885 2475 certe
900 2416 966 2473 nibli

175 2520 270 2574 melius
282 2527 362 2589 atque
374 2518 466 2573 utilius
475 2518 501 2572 in
514 2515 623 2572 bomine
637 2514 779 2586 reperitur,
795 2519 895 2581 quanto
908 2523 966 2564 ma-

174 2608 232 2679 iora
245 2617 307 2664 sunt
320 2608 451 2679 adiutoria
464 2617 556 2662 eontra
569 2605 622 2660 rim
632 2604 821 2675 periculorum,
834 2599 965 2663 laborum,

175 2700 318 2767 dolorum,
341 2707 416 2755 tamo
430 2697 550 2754 tideliora
571 2694 724 2753 testimonia
744 2692 923 2749 miseriamm.
938 2689 968 2746 Si

176 2791 247 2846 euim
260 2806 331 2846 veras
344 2789 456 2845 virtutes
470 2797 542 2855 sunt,
557 2801 617 2858 quae
627 2786 679 2840 nisi
693 2784 719 2840 in
733 2784 783 2851 eis,
797 2781 893 2854 quibus
905 2793 968 2835 vera

176 2880 248 2935 istest
260 2881 361 2950 pietas,
381 2893 443 2934 esse
463 2892 517 2933 non
537 2884 667 2948 possunt;
685 2888 740 2930 non
761 2887 791 2930 se
812 2871 969 2942 prolitentur

177 2972 231 3028 boc
244 2985 322 3042 posse
348 2979 377 3028 ut
390 2970 479 3026 nullas
490 2969 611 3025 miserias
629 2968 765 3039 patiantur
783 2964 920 3029 homines,
942 2962 969 3017 in

178 3063 275 3132 quibus
286 3073 349 3119 sunt
364 3080 371 3116 :
385 3061 556 3133 nequeenim
569 3060 713 3115 mendaces
726 3065 790 3114 sunt
801 3071 871 3113 rerae
885 3055 970 3111 virtu·

180 3166 230 3221 tes,
245 3165 274 3212 ut
286 3155 338 3212 boe
359 3154 555 3227 proilteautur;
571 3151 619 3208 sed
641 3151 737 3206 atrita
762 3150 877 3206 bumana
889 3189 897 3215 ,
911 3162 972 3218 quae

179 3257 219 3303 tot
232 3258 260 3303 et
277 3247 358 3302 tantis
373 3244 451 3315 bojas
468 3244 559 3300 saeuit
573 3242 650 3298 maiis
663 3256 722 3297 csse
747 3239 970 3311 captiuitatem,
985 3303 988 3311 ι

179 3355 228 3411 spe
240 3339 322 3394 luturi
346 3338 438 3394 saeeuli
452 3337 488 3393 sit
500 3336 587 3404 beata,
605 3336 676 3391 sicut
687 3342 715 3391 et
732 3334 815 3389 salva.
828 3330 971 3400 Quomodo

181 3432 252 3488 enim
265 3433 341 3487 beata
352 3440 403 3496 est,
417 3427 604 3502 quaerundum
618 3427 691 3483 salva
701 3425 764 3482 esti
777 3423 853 3481 Unde
866 3429 894 3478 et
906 3436 973 3493 apo-

181 3526 266 3581 stolus
291 3524 387 3579 Paulus
402 3536 455 3577 uon
467 3520 501 3576 de
515 3520 668 3576 bominibus
681 3516 904 3589 imprudentibus,
921 3514 974 3568 im·

181 3614 353 3686 patientibus,
367 3610 604 3682 intemperantibus
616 3619 643 3664 et
656 3608 764 3678 iniquis,
775 3606 823 3662 sed
834 3606 868 3661 do
878 3604 920 3659 itis
929 3602 975 3674 qul

184 3705 330 3762 seeundum
350 3717 440 3758 reram
453 3701 579 3771 pietatem
591 3697 722 3764 virerent,
736 3705 764 3752 et
788 3694 850 3751 ideo
863 3694 976 3748 virtutes

183 3812 251 3868 quas
277 3795 425 3860 baberent,
449 3806 527 3848 ueras
555 3791 705 3855 baberent,
733 3787 797 3853 ait,
832 3784 885 3855 Spe
910 3784 977 3839 ωιιη

184 3889 248 3944 miri
257 3888 318 3958 sorti
330 3902 427 3941 mmor.
439 3885 506 3955 Sper
519 3892 603 3939 autem
615 3897 672 3953 qaoe
682 3881 850 3947 mortanam
861 3887 898 3933 ert
908 3889 978 3949 spen·

185 3981 252 4050 qaod
271 3981 337 4035 enim
357 3979 412 4052 qais
436 3979 520 4046 uidet,
544 3976 606 4050 qnid
625 3975 733 4046 eperat?
750 3974 781 4031 st
800 3981 885 4027 cotun
909 3969 978 4042 qnod

186 4090 238 4129 non
259 4073 371 4128 videmos
397 4087 549 4142 speramns,
566 4087 610 4141 per
633 4069 780 4141 potierrtiotn
805 4076 979 4136 exspectemus

188 4164 276 4236 <iiam
291 4180 347 4229 vrit,
356 4164 392 4219 tt
404 4175 427 4217 et
434 4163 492 4234 25).
508 4163 583 4219 Sicut
592 4175 710 4233 ergospc
720 4159 795 4224 salsi,
807 4160 842 4212 ita
853 4173 900 4228 spe
908 4156 978 4213 beati

189 4257 251 4313 iacti
263 4271 354 4311 sumus
366 4272 375 4310 .·
389 4266 416 4312 et
430 4257 498 4311 sicut
511 4255 634 4317 salutem,
647 4255 681 4308 ita
695 4250 898 4316 beatitudinem,
924 4262 979 4303 noo

188 4350 242 4420 jam
256 4357 378 4403 muamus
391 4355 569 4416 pnrseotem,
584 4344 630 4400 sed
643 4352 830 4412 exspectamus
843 4340 978 4395 loturam:

188 4452 217 4500 et
232 4442 281 4497 boe
293 4457 338 4512 per
351 4439 512 4511 patientiam,-
527 4439 587 4508 quia
601 4438 627 4492 iu
650 4436 729 4491 malis
741 4449 844 4499 sumus,
859 4448 919 4503 quae
931 4446 978 4501 pa-

190 4536 287 4590 tienter
309 4533 423 4589 tolerare
443 4530 592 4591 debemus,
611 4527 697 4582 dotiec
720 4525 754 4580 ad
776 4525 821 4580 ilia
843 4524 982 4579 veniamus

190 4626 260 4681 bona
276 4624 319 4680 ubi
332 4623 420 4679 omnia
436 4630 532 4686 erum,
548 4619 644 4689 quibus
668 4615 840 4672 ineibtbiliter
864 4613 982 4669 delecte·

191 4734 253 4774 mur
268 4737 276 4783 ;
290 4718 356 4773 nibil
369 4717 421 4772 erit
434 4724 534 4780 autem,
550 4711 621 4784 quod
633 4710 688 4782 jam
699 4708 814 4764 tolerare
827 4706 982 4762 debeams.

193 4811 265 4867 Talis
278 4811 360 4877 salus,
371 4824 430 4881 quse
443 4809 469 4863 in
485 4806 574 4861 laturo
587 4803 641 4860 erit
652 4800 760 4866 sacculo,
770 4798 827 4871 ipsa
839 4798 890 4854 erit
904 4797 985 4853 etiam

194 4901 282 4958 dualis
296 4899 442 4957 beatitudo.
456 4897 540 4965 Quam
550 4893 742 4952 beatitudinem
756 4891 800 4946 isti
814 4887 984 4960 pbilosopbi,

177 5049 179 5053 .
196 4995 320 5065 qttouinm
334 4991 518 5048 considentes
531 4985 754 5049 rioiuutcredere,
769 4983 813 5040 bic
824 4981 875 5038 sibi
887 4995 987 5038 couno·

195 5100 240 5142 tur
253 5088 420 5142 ialsissimam
434 5085 564 5142 lubricare
576 5124 584 5150 ,
597 5091 699 5154 quanto
721 5079 896 5150 superbiore,
913 5085 988 5133 tauto

197 5177 369 5234 mendaciore
381 5178 490 5232 uirtute.

199 5269 315 5327 etrttt
332 5269 363 5324 V.
375 5300 411 5311 —
422 5268 462 5323 De
471 5268 560 5323 sociali
571 5269 631 5330 nito,
647 5281 703 5336 qrttr
717 5280 774 5318 crim
789 5263 899 5317 monime
911 5275 988 5329 eape-

253 5357 328 5414 tendo
342 5359 390 5416 sit.
403 5356 488 5411 moltis
503 5354 681 5424 offensionibus
695 5369 762 5423 stepo
774 5351 935 5407 subuenitur,

235 5454 312 5523 Qitod
327 5461 415 5507 nutem
428 5450 554 5504 socialem
567 5449 648 5503 vitam
665 5446 757 5501 volunt
768 5459 830 5501 esse
842 5443 989 5511 sapientis,

200 5564 251 5602 nos
264 5546 347 5601 ntuito
361 5541 475 5612 amplius
499 5540 688 5610 approbamus.
703 5535 771 5591 Nam
784 5533 856 5590 unde
879 5535 928 5588 ista
943 5532 990 5588 Dei

201 5640 296 5711 civitas
307 5682 314 5706 ,
325 5638 419 5709 dequo
430 5634 510 5708 bajus
522 5632 611 5703 operis
623 5646 685 5688 ecee
694 5629 750 5700 jam
766 5625 991 5684 undevicesimum

203 5730 300 5788 libmm
314 5741 451 5788 versamus
464 5726 492 5782 io
502 5713 635 5792 manibus,
645 5721 689 5780 rel
702 5719 873 5779 inchoaretur
884 5729 990 5786 exortu,

702 281 1054 347 maturaremus.
1077 267 1257 337 ,trunsum

1000 397 1041 452 rei
1058 394 1261 466 progrederetur
1275 403 1388 447 etcttrsu
1400 428 1409 453 ,
1422 384 1464 441 rei
1485 376 1705 453 apprehenderet
1717 373 1797 430 debi-

1001 499 1042 545 tus
1058 490 1134 554 locs,
1142 489 1164 541 si
1177 502 1230 541 nou
1243 491 1315 541 esset
1328 481 1435 538 socialis
1445 478 1499 532 rita
1511 469 1689 532 sanctorum!
1702 467 1757 524 Sed
1770 468 1798 523 iu

1001 580 1079 652 italus
1090 577 1258 635 mortalitatis
1266 579 1453 642 mrumoaquot
1466 579 1494 624 et
1502 559 1801 638 quantisabundetma·

1001 669 1275 730 lissocietosbtrmana
1287 707 1296 732 ,
1307 664 1368 736 quis
1376 653 1649 719 entrmeraret'alentl
1661 651 1725 724 quis
1732 649 1802 704 resti·

1002 779 1076 823 mare
1090 760 1221 819 solllciati
1236 757 1354 815 Audiam
1363 752 1433 825 apud
1445 750 1563 808 comicos
1577 762 1642 802 suos
1656 741 1800 799 bominem

1002 870 1063 915 cum
1074 870 1153 912 seusu
1170 863 1250 924 atque
1263 844 1522 907 cousensuomnium
1534 840 1676 897 bominum
1686 835 1802 890 dicere:

1039 948 1101 1000 oum
1112 957 1225 1004 uxorem,
1236 955 1308 1008 quam
1320 941 1354 990 ibi
1365 937 1487 989 miseriam
1496 933 1544 985 rldi
1557 933 1564 983 l
1575 930 1627 982 ttati
1638 927 1693 988 ttttt,

1035 1008 1087 1133 Aha(
1094 1020 1183 1121 cgerilini
1194 1064 1357 1128 Adelphorum
1365 1068 1421 1114 octa
1429 1061 1455 1117 5,
1466 1071 1531 1112 areu.
1541 1055 1566 1117 i,
1577 1066 1641 1106 cerr.
1654 1050 1697 1110 ¹3,
1712 1047 1752 1098 ii.
1763 1048 1774 1110 )

1005 1156 1073 1226 Qtrid
1087 1155 1179 1211 itidem
1194 1153 1255 1217 ilia,
1278 1166 1338 1220 quae
1360 1149 1386 1202 iu
1408 1159 1499 1200 antone
1519 1140 1583 1196 sitia
1606 1139 1806 1194 commemorat

1006 1246 1076 1303 idem
1097 1243 1257 1305 Terentius,
1278 1238 1396 1311 injuriae,
1419 1233 1600 1305 suspiciones,
1614 1222 1806 1285 inimicitiae¹,

1007 1337 1116 1401 bellum,
1125 1351 1176 1405 pax
1187 1348 1294 1390 rursum
1305 1328 1438 1402 (Eanneit.
1451 1335 1501 1381 oct.
1515 1325 1609 1385 imam
1622 1336 1673 1386 ιιι.
1687 1315 1807 1386 ibidis

1008 1445 1097 1486 nonne
1112 1443 1154 1484 res
1166 1427 1296 1499 brabianus
1310 1423 1407 1492 ubique
1420 1415 1612 1489 impleverunt?
1622 1424 1716 1468 nonne
1731 1416 1760 1464 et
1781 1407 1808 1461 in

1009 1521 1154 1578 amicorum
1168 1518 1287 1573 honestis
1306 1513 1442 1570 amoribus
1457 1510 1612 1581 plerumque
1628 1499 1808 1572 contingunt!

1010 1627 1098 1668 nonne
1113 1612 1154 1666 bis
1168 1621 1357 1678 usquequaque
1372 1604 1459 1676 pleoae
1471 1608 1534 1657 sunt
1546 1613 1591 1655 res
1605 1597 1748 1658 ltumanae,
1763 1590 1810 1647 ubi

1011 1700 1136 1774 injurias,
1150 1699 1332 1770 suspiciones,
1348 1691 1510 1756 inimicitias,
1520 1688 1635 1752 beilum,
1648 1684 1721 1740 mala
1735 1689 1811 1738 certa

1011 1792 1156 1855 sentimum
1172 1804 1265 1861 pacem
1291 1801 1356 1842 vero
1381 1785 1512 1840 incertum
1537 1779 1656 1842 bonttm,
1682 1773 1812 1845 qnoniam

1011 1883 1092 1940 corda
1102 1897 1206 1944 eorum,
1215 1894 1275 1936 cum
1283 1877 1443 1949 quibuseam
1452 1882 1544 1929 tenere
1556 1870 1691 1957 solemius,
1704 1865 1813 1936 ignora

1014 1989 1093 2038 mus;
1108 1982 1133 2028 et
1148 1973 1172 2028 si
1183 1985 1263 2027 nosse
1276 1967 1355 2025 bodie
1366 1978 1521 2038 possemus.
1536 1960 1624 2032 qualia
1645 1972 1709 2014 cras
1722 1957 1814 2011 littura

1013 2076 1104 2125 essent
1116 2064 1206 2132 utique
1214 2058 1399 2118 nesciremus?
1411 2055 1464 2127 Qui
1478 2069 1558 2127 porro
1570 2052 1642 2108 inter
1656 2063 1688 2105 se
1701 2046 1815 2103 amicio-

1014 2175 1059 2216 res
1071 2158 1160 2215 solent
1173 2170 1244 2221 esse,
1257 2155 1299 2210 rel
1312 2153 1426 2215 debent,
1440 2163 1520 2221 qnam
1533 2145 1577 2217 qui
1591 2158 1643 2200 urta
1656 2143 1740 2199 etiam
1753 2154 1816 2194 eon

1015 2249 1135 2306 tinentur
1147 2246 1246 2303 domo?
1260 2244 1293 2301 Et
1308 2253 1397 2300 tamen
1411 2241 1471 2313 quis
1483 2237 1545 2295 inde
1555 2249 1669 2294 securus
1682 2241 1739 2300 est,
1753 2245 1815 2286 cnm

1016 2349 1089 2396 tnttta
1103 2354 1175 2410 sape
1185 2338 1255 2394 mala
1268 2352 1302 2392 ex
1312 2350 1406 2392 eorum
1416 2331 1526 2389 occultis
1536 2327 1640 2386 insidiis
1649 2322 1815 2385 exstiterint,

1018 2444 1091 2489 tanto
1103 2432 1254 2495 amariora,
1279 2438 1379 2501 quanto
1401 2441 1452 2498 pax
1465 2422 1569 2480 dulcior
1591 2418 1658 2484 iuit;
1678 2429 1816 2488 quarere

1017 2531 1108 2596 putata
1120 2531 1178 2585 est,
1193 2536 1253 2576 cum
1266 2517 1429 2576 astutissime
1441 2510 1604 2586 litigaretur?
1617 2509 1733 2579 Propter
1745 2503 1817 2576 quod

1018 2617 1138 2672 cronium
1153 2622 1263 2684 pectora
1276 2611 1316 2667 sic
1337 2607 1459 2680 attingit,
1475 2615 1504 2661 ut
1523 2611 1602 2675 cogat
1623 2600 1651 2658 in
1666 2597 1817 2670 gemitum,

1019 2707 1089 2780 quod
1102 2708 1140 2762 ait
1149 2705 1252 2762 Tullius
1267 2720 1273 2757 ι
1290 2701 1377 2757 Nailae
1389 2709 1448 2755 sont
1460 2696 1605 2752 occultiores
1617 2691 1819 2759 insidiemur·

1020 2799 1060 2854 itm
1069 2815 1125 2871 qttoe
1139 2797 1217 2854 latent
1231 2791 1424 2850 insimulatione
1435 2788 1509 2860 officii
1516 2829 1524 2853 ,
1536 2795 1580 2840 unt
1593 2784 1620 2838 in
1634 2782 1722 2853 niiqtto
1733 2795 1820 2835 neceb

1021 2891 1139 2947 situdinis
1151 2890 1260 2944 noodue.
1274 2884 1345 2941 Num
1358 2900 1416 2939 enm
1429 2882 1473 2953 qai
1491 2879 1578 2950 polum
1589 2887 1626 2931 est
1639 2871 1818 2935 aduersariam,

1022 2982 1097 3055 [aute
1108 2980 1217 3038 canendo
1231 2979 1311 3033 uitare
1324 2975 1406 3048 porris
1418 2990 1427 3028 ε
1441 2973 1557 3027 botruo
1572 2967 1708 3028 occuitum,
1722 2963 1821 3018 intesti-

1022 3091 1083 3130 num
1097 3090 1127 3128 oc
1144 3070 1307 3127 domesticum
1318 3066 1413 3120 maium
1425 3079 1475 3118 noo
1493 3061 1574 3116 roiam
1593 3056 1678 3112 existit
1689 3057 1713 3118 ¹,
1734 3067 1821 3108 oerum

1024 3169 1100 3223 etium
1124 3162 1258 3235 opprimit,
1273 3168 1408 3230 antequam
1428 3154 1570 3226 prospicere
1590 3159 1664 3219 atque
1686 3145 1822 3215 explorare

1025 3259 1135 3334 potuerit
1156 3256 1248 3327 (Cicer.
1259 3254 1286 3307 io
1307 3250 1408 3306 Verrunt
1417 3257 1466 3302 oet.
1475 3246 1503 3308 ι,
1514 3243 1559 3299 tto.
1571 3243 1597 3307 i,
1608 3256 1667 3309 cop.
1680 3239 1739 3308 ts).
1753 3235 1822 3292 Pro·

1025 3348 1247 3425 pterquodetiam
1256 3344 1346 3400 dirina
1361 3356 1412 3396 vox
1423 3338 1478 3403 iila,
1488 3336 1521 3391 b't
1534 3332 1629 3389 inimici
1644 3328 1765 3394 leontinis,
1776 3326 1823 3382 do·

1025 3443 1122 3500 ntestiei
1133 3442 1189 3513 eins
1203 3435 1308 3511 (uetiti.
1323 3451 1352 3496 a,
1366 3431 1429 3504 ab),
1444 3444 1504 3484 cum
1519 3439 1614 3498 magno
1627 3422 1722 3478 dolore
1733 3417 1823 3475 cordis

1026 3535 1134 3592 auditur
1147 3550 1154 3586 ε
1168 3531 1230 3603 quia
1239 3528 1289 3586 etsi
1303 3527 1414 3595 quisque
1427 3534 1480 3576 tam
1492 3518 1567 3574 lortis
1576 3517 1621 3579 sit,
1634 3520 1663 3568 ut
1674 3509 1823 3582 acquoani·

1027 3642 1072 3684 mo
1087 3625 1215 3696 perierat:
1231 3620 1272 3674 vei
1287 3631 1341 3673 um
1354 3614 1476 3687 uigilans,
1487 3620 1515 3665 ut
1528 3606 1638 3680 proaido
1650 3603 1764 3660 consilio
1777 3615 1823 3658 rt·

1027 3726 1098 3779 reat,
1114 3707 1173 3786 quas
1187 3711 1316 3767 adsersus
1330 3721 1390 3762 eum
1407 3704 1514 3759 molitur
1537 3697 1654 3754 atoieititt
1675 3693 1822 3750 simulata:

1029 3823 1121 3865 comm
1135 3815 1223 3860 tamen
1245 3799 1382 3855 bominum
1403 3792 1566 3867 perfidorum
1582 3787 1670 3852 malo,
1691 3798 1756 3840 cnm
1777 3795 1825 3839 eos

1030 3915 1090 3956 esse
1102 3895 1232 3968 pessimos
1244 3889 1397 3959 experitur,
1418 3885 1439 3940 si
1459 3883 1517 3953 ipsc
1528 3880 1615 3935 bonus
1628 3883 1686 3943 est,
1708 3872 1826 3946 graviter

1031 3989 1199 4047 excrucietur
1212 3995 1324 4038 neeesse
1336 3987 1395 4038 cst:
1411 3976 1469 4030 sire
1479 3986 1587 4042 semper
1598 3967 1661 4023 mali
1675 3964 1787 4030 locunt,
1800 3971 1827 4019 et

1031 4097 1061 4139 se
1075 4081 1160 4135 bonos
1171 4073 1305 4136 duxerint,
1318 4071 1374 4125 sire
1386 4067 1413 4123 in
1426 4067 1503 4121 istam
1518 4060 1645 4117 malitiam
1658 4073 1692 4112 ex
1706 4056 1828 4113 tentato

1032 4171 1126 4230 mutati
1144 4170 1207 4226 siut.
1228 4165 1256 4223 Si
1279 4178 1342 4236 ergo
1356 4162 1451 4217 domos
1469 4168 1610 4213 commune
1632 4149 1782 4222 perfugium
1800 4147 1828 4202 in

1033 4267 1075 4324 bis
1089 4264 1166 4320 malis
1179 4260 1287 4317 immani
1299 4257 1404 4330 generis
1418 4262 1473 4308 tuta
1494 4266 1547 4306 nun
1561 4256 1617 4310 est,
1632 4245 1697 4317 quiri
1716 4244 1827 4307 civitas,

1032 4375 1093 4430 quar
1104 4364 1204 4429 quanto
1216 4351 1302 4423 major
1315 4359 1367 4414 est,
1381 4355 1454 4401 tanto
1477 4343 1563 4398 istrum
1577 4339 1636 4411 ejus
1648 4336 1740 4392 litibus
1750 4343 1779 4391 ot
1792 4333 1831 4390 ci·

1033 4448 1130 4505 vilibus
1142 4454 1168 4502 et
1181 4441 1363 4500 criminalibus
1374 4438 1487 4508 plenius,
1500 4431 1603 4489 etiamsi
1613 4427 1762 4502 quiescam,
1777 4439 1830 4480 non

1035 4542 1121 4598 sulum
1133 4536 1293 4594 turbulenta·
1305 4574 1313 4600 ,
1327 4546 1420 4587 terum
1435 4527 1532 4596 sceptus
1545 4532 1573 4579 et
1585 4526 1703 4577 cruentae
1722 4516 1832 4573 seditio-

1035 4648 1095 4699 nes,
1108 4646 1139 4685 ae
1151 4628 1219 4686 beib
1232 4624 1331 4690 civilia,
1342 4638 1358 4678 a
1369 4633 1481 4692 quorum
1494 4614 1596 4672 eventis
1610 4619 1673 4668 sunt
1686 4607 1833 4680 aliquando

1038 4723 1128 4779 liberae
1142 4719 1273 4785 civitates,
1287 4709 1442 4787 apericulis
1456 4703 1610 4778 utinquam?

1037 4831 1150 4891 CAPUT
1165 4829 1210 4884 ll.
1222 4859 1257 4871 -
1269 4825 1306 4881 lle
1315 4838 1400 4879 errore
1413 4822 1581 4876 barnonorttm
1591 4811 1761 4885 judiciorum,
1775 4824 1834 4864 enat

1347 4917 1437 4972 oeritm
1451 4913 1519 4968 bot.

1075 5019 1143 5089 Quid
1158 5019 1215 5088 ipsa
1227 5012 1325 5084 judicia
1341 5009 1479 5065 bominum
1494 5004 1528 5060 de
1543 4999 1707 5066 bominibus,
1720 5012 1781 5067 quae
1792 4996 1835 5053 ei-

1039 5109 1165 5166 uitatibus
1178 5108 1204 5162 in
1219 5101 1383 5175 qttantalibet
1405 5111 1470 5169 pace
1491 5091 1660 5150 monentibus
1670 5087 1767 5145 deesse
1780 5100 1836 5141 non

1041 5210 1169 5274 possunt,
1182 5196 1270 5268 qualia
1295 5201 1418 5263 putamus
1430 5202 1507 5250 esse,
1522 5198 1601 5255 quam
1623 5181 1740 5245 misera,
1754 5190 1836 5247 quam

1042 5291 1179 5349 dolenda?
1199 5282 1413 5358 quandoquidem
1422 5277 1585 5348 bijudicant,
1598 5272 1644 5341 qui
1655 5266 1838 5324 conscientias

1042 5400 1146 5448 eorum,
1161 5381 1195 5436 de
1207 5378 1302 5450 quibus
1314 5374 1443 5446 judicant,
1466 5381 1577 5425 cernere
1600 5368 1748 5433 nequeunt.
1760 5356 1838 5415 Unde

1044 5492 1115 5548 sape
1124 5481 1255 5546 coguntur
1268 5466 1407 5525 tormentis
1415 5458 1595 5519 inpotentium
1605 5455 1711 5511 testium
1727 5451 1762 5507 ad
1773 5449 1838 5506 alic·

1046 5586 1106 5628 nam
1119 5579 1226 5622 causam
1250 5561 1425 5633 pertinentem
1447 5566 1567 5624 quarere
1591 5547 1742 5602 verimtem.
1769 5540 1840 5612 batt

1078 5685 1085 5714 ¹
1104 5681 1145 5731 ttic
1155 5677 1218 5741 apud
1228 5674 1368 5725 Terentium
1379 5669 1480 5725 additur,
1490 5661 1609 5735 inducite.¹

1078 5746 1087 5776 ¹
1105 5740 1170 5806 apud
1180 5741 1334 5799 ciceronem,
1345 5730 1474 5784 nonmodo
1483 5740 1529 5779 uon
1538 5729 1627 5778 oman.
