3900 6390
73 243 128 304 tta

107 355 136 409 2.
155 350 209 409 Sed
222 365 254 410 ea
273 364 345 410 nunc
362 352 484 425 perseam
497 353 605 426 longum
626 363 690 414 est'r
704 364 733 414 ct
745 355 796 412 boe
807 356 863 427 iam

72 443 186 504 rcctnn
197 443 226 500 in
237 458 318 515 opere
328 442 398 515 quod
410 443 539 502 adversus
551 443 678 502 Faustum
688 444 863 502 iiauicbreum

71 535 230 607 scripsimus
245 533 310 607 (lib.
327 533 378 602 ta,
402 551 461 603 cnp.
478 535 542 607 il),
566 544 707 609 negantem
735 536 762 593 iu
788 536 865 594 libris

72 626 247 684 liebrreorum
261 624 359 697 aliquid
379 626 414 682 de
426 625 535 682 Christo
546 641 606 683 esse
619 625 818 700 prophetatum.
830 627 865 683 Et

72 718 132 775 lieri
144 716 251 790 quidem
271 726 377 789 potest,
389 726 419 774 ut
440 726 469 776 et
490 718 567 776 nobis
580 720 732 791 quispiam,
754 729 782 777 et
796 721 865 776 alius

71 810 127 866 alio
140 818 257 882 exponat
269 810 327 866 bec
338 810 426 880 aptius
442 829 450 868 ι
464 809 527 866 dum
543 820 631 868 tamen
646 826 677 867 aa
691 827 751 883 quar
769 810 864 868 dicun·

72 888 132 968 tur,
148 901 182 956 ad
196 899 266 957 bane
277 900 312 958 da
325 915 378 972 qua
398 901 532 974 loquimur
546 900 594 959 ilci
603 900 759 970 civitatem,
775 901 803 959 in
814 902 866 959 hoc

73 991 175 1048 seculo
194 991 311 1064 maligno
328 1001 456 1063 unguem
472 992 499 1048 in
511 991 614 1050 diluvio
628 993 864 1065 peregrinantem,

73 1085 165 1141 omnia
183 1082 354 1153 referentum
367 1085 390 1141 si
404 1084 438 1141 ab
453 1084 511 1156 ejus
523 1098 603 1143 sensu
617 1084 661 1156 qui
680 1084 730 1141 isia
743 1086 864 1143 cotrseri·

74 1176 125 1242 sit,
152 1189 206 1233 oon
229 1176 288 1232 ruit
309 1175 388 1248 longe
406 1177 532 1234 aberrare
551 1178 597 1250 qui
610 1178 729 1250 exponit.
743 1177 865 1249 Exempli

72 1267 177 1340 gratia,
192 1266 264 1323 reiut
274 1267 298 1323 si
309 1268 442 1339 quispiam
454 1267 526 1339 quod
541 1267 585 1324 bie
598 1268 727 1339 scriptum
741 1276 802 1336 est,
816 1266 866 1323 in-

74 1361 169 1433 penora
182 1360 333 1416 bicamerata
346 1370 370 1415 ct
384 1360 544 1415 tricamerata
555 1360 633 1432 {acies
651 1375 706 1414 cana
721 1362 730 1393 ¹
743 1357 819 1434 (Gen.
827 1374 866 1431 rt,

74 1452 121 1524 lii)
132 1469 140 1519 ;
153 1466 206 1507 non
218 1451 289 1522 quad
304 1466 353 1524 ego
370 1451 396 1507 in
410 1451 455 1507 ilio
466 1466 548 1522 opere
562 1451 616 1509 dixi
632 1450 688 1524 (lib.
703 1453 730 1518 l,
741 1452 864 1522 capidi,

73 1546 139 1602 roiit
148 1544 274 1616 intelligi;
285 1546 345 1616 quia
357 1561 390 1600 cx
402 1545 527 1602 omuibus
537 1545 660 1616 gentibus
671 1532 787 1600 Ecclesia
799 1559 866 1600 eon·

73 1645 222 1708 gregatur,
237 1637 427 1692 bicameratam
450 1636 565 1705 dictam,
579 1646 690 1709 propter
702 1637 755 1695 duo
766 1652 865 1708 genera

73 1726 228 1796 henricum,
254 1726 485 1783 circumcisionem
509 1728 613 1784 scilicet
635 1737 663 1783 et
686 1728 865 1800 praeputium,

73 1833 143 1889 quos
154 1818 298 1889 Apostolus
318 1827 345 1874 et
365 1818 418 1874 aiio
432 1818 513 1875 modo
524 1817 589 1875 dicit
601 1817 706 1877 tunsos
719 1828 747 1876 et
759 1819 866 1877 Graecas

74 1907 162 1979 (Rom.
178 1923 221 1976 ιιι,
235 1907 283 1977 9);
300 1908 498 1965 tricameratam
523 1925 588 1965 vero
600 1950 608 1976 ,
622 1925 655 1966 eo
678 1910 749 1982 quod
772 1925 866 1967 omnes

72 2007 167 2068 gentes
187 1997 221 2053 de
245 1998 329 2054 tribus
352 1999 413 2054 liliis
427 1997 484 2054 Noe
505 2007 567 2070 post
590 1999 717 2055 diluvium
737 2011 867 2069 reparatae

73 2097 137 2145 sunt
152 2089 221 2145 :sed
238 2090 309 2146 aliud
331 2090 402 2146 dicat
427 2091 546 2162 aliquid,
566 2092 637 2162 quod
657 2107 672 2147 a
694 2092 754 2150 idei
777 2093 866 2163 regula

73 2197 127 2238 non
141 2182 176 2238 sit
192 2183 319 2239 alienum.
332 2183 399 2238 Nam
413 2184 540 2255 quoniam
554 2200 606 2240 ιιοιι
621 2185 692 2241 solis
715 2187 740 2241 in
754 2185 864 2242 inlerioa

73 2273 148 2329 ribus
163 2275 316 2330 mansiones
337 2273 436 2331 habere
450 2290 539 2331 arcam
553 2275 656 2343 voluit,
671 2291 763 2332 rerum
785 2277 865 2332 etiam

73 2363 102 2420 in
126 2365 328 2436 superioribus,
351 2374 380 2422 et
403 2364 461 2422 baec
483 2365 551 2423 dixit
576 2366 758 2435 bicamerata;
782 2381 810 2425 et
839 2371 866 2423 in

72 2459 256 2529 superioribus
282 2457 465 2529 superiomm,
488 2467 515 2515 et
538 2457 596 2514 haec
616 2460 759 2530 appellarit
787 2464 865 2515 trica·

73 2557 196 2605 merata:
212 2557 242 2604 ut
253 2549 288 2603 ab
300 2550 354 2604 imo
368 2564 473 2605 sursum
493 2564 586 2605 versus
599 2550 676 2606 tertia
693 2560 867 2624 consurgeret

77 2641 220 2696 habitatio.
236 2641 352 2696 Possunt
370 2639 413 2696 bie
427 2640 537 2711 intelligi
549 2649 576 2696 et
594 2641 638 2696 iiia
653 2642 701 2696 tria
712 2657 772 2712 qrrae
790 2657 865 2697 eom·

73 2735 183 2791 mendas
193 2734 357 2805 Apostolus,
374 2734 458 2799 ildes,
472 2750 552 2806 spes,
566 2733 683 2790 ebaritas
696 2734 718 2806 (Ι
732 2733 792 2790 Cor.
805 2750 864 2800 xrrr,

79 2823 136 2897 lb).
151 2825 266 2882 Possunt
287 2826 368 2883 etiam
390 2827 475 2882 multo
503 2826 706 2882 convenientius
729 2834 783 2882 tres
811 2826 865 2881 illae

73 2917 211 2974 ubertates
234 2919 411 2989 evangelicae,
435 2918 553 2986 tricena,
578 2933 730 2989 sexagena,
753 2928 865 2974 centena

75 3007 183 3076 (ilattir.
200 3024 256 3075 xrrr,
270 3008 316 3082 8i;
333 3009 400 3063 utin
415 3007 508 3063 inllmo
522 3007 622 3064 habitet
635 3008 759 3078 pudicitia
773 3009 865 3079 eonju-

72 3100 160 3168 gnIis,
175 3114 255 3170 supra
277 3099 405 3165 vidualis,
420 3107 500 3170 atque
511 3099 561 3154 bae
572 3101 695 3170 superior
705 3100 841 3170 virginalis
856 3117 863 3153 :

73 3201 102 3248 et
113 3193 135 3248 si
149 3193 212 3264 quid
224 3192 321 3249 meiius
342 3186 489 3249 secundum
510 3190 589 3247 iidem
602 3191 717 3247 civitatis
729 3191 807 3262 liujus
822 3191 864 3247 in-

74 3282 159 3354 telligi
172 3292 200 3339 et
211 3282 264 3338 diei
286 3291 383 3352 potest.
398 3282 454 3338 lioc
472 3283 552 3338 etiam
573 3282 608 3338 de
629 3281 732 3338 caeteris
746 3298 806 3353 qum
823 3282 866 3337 iric

74 3373 234 3445 exponenda
250 3382 331 3439 sunt,
347 3373 479 3442 dixerim,
494 3376 555 3444 qtria
568 3374 619 3429 etsi
632 3389 685 3428 non
708 3389 760 3427 uno
778 3373 865 3428 disse·

77 3473 174 3520 runtur
188 3463 284 3530 modo,
300 3464 333 3519 ad
354 3480 434 3520 unam
453 3473 542 3520 umen
566 3464 704 3520 catholicae
722 3463 784 3520 lidei
801 3479 865 3519 con·

74 3556 192 3612 cordiam
217 3555 365 3611 revocanda
385 3564 458 3611 sunt.

73 3645 187 3703 CAPUT
202 3644 310 3701 xxvii.
321 3645 402 3702 -lle
411 3662 471 3701 arca
481 3654 556 3715 atque
568 3645 678 3714 dilucio,
690 3662 735 3700 nec
747 3646 798 3700 iilis
812 3663 865 3701 esee

109 3738 330 3806 consentiendum,
346 3737 389 3808 qai
411 3738 493 3793 roiam
514 3738 645 3793 lu'stort'am
669 3739 792 3809 recipiunt
811 3739 866 3793 aine

109 3832 246 3904 allegorica
262 3831 467 3904 signification&
482 3848 528 3887 nec
549 3832 601 3887 iilis
623 3832 667 3904 qai
687 3830 755 3887 roias
769 3832 865 3903 rigaras

110 3925 248 3997 defendant
260 3925 396 3996 repudiata
408 3925 528 3981 Materies
541 3925 652 3980 acritate.

655 242 758 304 uaso
778 243 927 308 uacuus
943 209 1122 315 euentus

1654 246 1707 306 tit

916 390 970 450 quo
982 378 1152 444 instituerat,
1166 377 1308 436 restituere
1318 393 1371 436 nun
1383 378 1510 437 ralebati

950 467 978 522 2.
991 467 1043 537 Qui
1056 483 1123 524 rero
1132 484 1185 525 non
1197 484 1258 527 asse
1269 480 1344 542 gesta
1355 513 1364 539 ,
1377 471 1425 527 sed
1439 472 1511 528 solas
1524 486 1612 528 rernm
1625 471 1708 545 signi-

916 559 1080 615 ticandarum
1100 558 1198 632 dguraa
1219 575 1279 618 care
1302 563 1484 631 contendunt,
1508 566 1623 636 primum
1646 565 1707 638 opi·

916 658 1015 708 nantur
1027 661 1080 707 tam
1095 667 1219 724 magnum
1234 653 1292 710 lieri
1312 669 1365 711 non
1378 655 1497 726 potuisse
1516 652 1662 726 dilnvium,
1678 666 1708 713 ut

916 743 1060 798 altissimos
1073 753 1179 799 montes
1190 743 1343 815 quindecim
1363 746 1460 802 cubitis
1480 762 1548 819 aqua
1560 748 1708 804 crescendo

917 833 1133 898 transcenderet:
1159 841 1279 906 propter·
1293 837 1398 908 Olympi
1430 839 1559 894 verticem
1587 840 1705 905 montis,

916 941 997 997 supra
1010 941 1090 997 quem
1112 927 1287 997 perhibentur
1307 928 1391 984 nubes
1409 945 1462 984 nan
1485 944 1564 1001 posse
1587 928 1702 987 concre-

917 1033 993 1075 seere
1006 1020 1033 1086 ¹,
1047 1019 1117 1090 quod
1131 1025 1185 1074 ιιιιι
1198 1018 1320 1074 sublimis
1332 1035 1411 1090 qttam
1424 1020 1520 1077 coelum
1534 1021 1585 1099 sit,
1602 1030 1630 1077 nt
1651 1037 1705 1078 narn

917 1110 953 1167 ibi
966 1111 1003 1166 sit
1016 1126 1063 1167 aer
1086 1111 1136 1167 isse
1158 1111 1292 1179 crassior,
1307 1111 1352 1167 ubi
1367 1113 1457 1179 renti,
1471 1113 1576 1168 nebule
1593 1112 1708 1170 imbres·

917 1216 970 1273 que
980 1202 1125 1273 gignuntur
1137 1202 1196 1275 (ηε
1213 1217 1264 1258 nee
1278 1203 1421 1258 attendunt
1441 1204 1561 1260 omniurn
1587 1205 1708 1261 clemen·

918 1300 1006 1348 torum
1024 1294 1219 1349 crassissimam
1242 1301 1341 1348 terram
1365 1294 1400 1348 ibi
1433 1308 1493 1350 esse
1514 1293 1643 1364 potuisse.
1665 1295 1708 1351 tin

917 1384 986 1440 iortc
996 1391 1163 1454 negantesse
1176 1391 1273 1439 terram
1287 1384 1414 1440 verticem
1428 1384 1548 1440 montisi
1561 1383 1616 1441 Cur
1628 1384 1709 1457 igitur

917 1475 1049 1546 usquead
1064 1475 1110 1530 iila
1123 1475 1183 1531 cicli
1206 1475 1292 1545 spatia
1312 1475 1390 1531 terris
1411 1475 1522 1531 exaltari
1540 1475 1667 1539 licuisse,
1681 1484 1709 1533 et

917 1582 993 1638 aquis
1005 1566 1117 1623 exaltari
1130 1582 1183 1620 non
1196 1566 1302 1623 licuisse
1315 1566 1488 1631 contendunt,
1505 1581 1566 1622 eum
1580 1558 1622 1620 is'ti
1634 1581 1709 1621 mett·

917 1671 994 1713 sores
1013 1666 1041 1713 et
1054 1671 1182 1728 pensores
1199 1657 1412 1724 elementorum,
1426 1670 1510 1727 aptans
1524 1658 1603 1712 terris
1618 1656 1708 1727 periri·

917 1745 999 1802 beant
1009 1749 1160 1817 superiores
1170 1755 1249 1816 atque
1262 1745 1393 1801 levioresi
1404 1746 1471 1814 Quid
1487 1747 1576 1817 itaque
1596 1747 1709 1801 ratinrris

917 1837 1049 1901 alierunt,
1061 1851 1143 1908 quare
1164 1846 1235 1891 terra
1250 1837 1396 1908 gratiores
1421 1835 1532 1891 inierim
1546 1837 1633 1892 locum
1647 1837 1708 1894 cmii

919 1928 1110 1999 tranquillioris
1125 1929 1253 1983 invaserit
1267 1942 1314 1997 per
1324 1928 1460 1982 volumina
1472 1935 1510 1981 tot
1522 1942 1653 1982 annornm
1663 1969 1670 1993 ,
1682 1935 1709 1983 et

918 2035 985 2090 aqna
1007 2020 1091 2074 ierior
1103 2034 1135 2074 ae
1146 2020 1268 2089 superior
1280 2020 1410 2088 permissa
1433 2035 1485 2074 non
1503 2020 1538 2075 sit
1554 2019 1605 2075 boe
1619 2018 1709 2075 lacere

918 2111 1011 2165 saitem
1025 2109 1057 2164 ad
1072 2121 1176 2179 tempus
1187 2110 1328 2180 exiguum?

953 2203 980 2256 b.
1003 2202 1100 2257 Dicunt
1116 2201 1196 2257 etiam
1219 2216 1273 2255 non
1296 2200 1414 2271 potuisse
1435 2214 1530 2270 capere
1548 2215 1616 2255 arca·
1639 2200 1709 2255 iliius

917 2297 1091 2366 otiantitatem
1104 2292 1258 2348 animalium
1270 2306 1369 2362 genera
1384 2301 1437 2346 tam
1455 2291 1536 2345 multa
1549 2291 1575 2344 in
1596 2300 1709 2362 utroquo

917 2402 993 2452 sexo,
1006 2386 1068 2440 bina
1079 2383 1113 2440 de
1124 2383 1277 2450 immundis,
1286 2392 1395 2452 septena
1407 2383 1441 2437 de
1453 2380 1568 2437 mundis.
1581 2381 1630 2450 Qni
1643 2381 1708 2436 milri

917 2478 1042 2532 ridentur
1056 2492 1108 2530 uon
1124 2485 1279 2545 computare
1296 2475 1345 2528 nisi
1361 2481 1481 2528 trecenta
1494 2474 1582 2528 cubita
1595 2472 1709 2542 iongitu-

917 2569 996 2630 dinis‚
1007 2576 1034 2623 et
1048 2566 1193 2621 latitudiuis
1202 2566 1391 2636 quinquaginta
1406 2567 1429 2633 ¹,
1443 2581 1491 2620 nee
1505 2565 1624 2636 cogitare
1636 2564 1709 2618 aliud

917 2670 1020 2716 tantum
1034 2675 1094 2716 esse
1113 2660 1139 2713 in
1162 2658 1344 2727 superioribns
1356 2699 1363 2723 ,
1377 2658 1492 2727 itemque
1512 2657 1583 2712 aliud
1606 2666 1709 2711 mutum

917 2753 944 2806 in
960 2751 1140 2821 superioribus
1153 2751 1333 2819 superiorum,
1347 2762 1379 2803 ac
1394 2763 1441 2818 per
1451 2747 1503 2802 hoc
1518 2756 1558 2802 ter
1569 2747 1648 2801 ducta
1664 2746 1708 2800 iiia

916 2844 1005 2898 cubita
1019 2843 1073 2897 lieri
1088 2848 1220 2911 nongenta
1233 2848 1339 2894 eentum
1354 2839 1555 2909 ‹puinqnaginta
1577 2838 1605 2894 Si
1619 2848 1709 2893 autem

917 2934 1066 3003 cogitemus
1086 2931 1156 3002 quoti
1181 2929 1309 3000 Origenes
1330 2943 1383 2983 nou
1409 2929 1572 2999 ineleganter
1597 2928 1710 2983 astruxit

919 3024 1076 3095 (coniicias
1094 3026 1120 3078 in
1144 3022 1291 3091 Genesim),
1308 3022 1414 3092 iloysen
1442 3021 1545 3076 seilicet
1570 3020 1706 3076 ltonrinem

917 3118 989 3174 liei⁸
1008 3117 1160 3182 eruditum,
1174 3117 1242 3170 sicut
1270 3115 1396 3184 scriptum
1415 3120 1473 3177 est,
1489 3113 1561 3167 omni
1576 3113 1707 3183 sapientia

917 3209 1102 3281 AEgyptiorunt
1118 3206 1185 3279 (Act.
1199 3221 1245 3264 ιιι,
1260 3205 1307 3275 22)
1318 3247 1326 3269 ‚
1337 3205 1381 3274 oui
1394 3206 1581 3274 geometricam
1603 3203 1708 3258 dilexc-

917 3313 997 3368 runt,
1020 3299 1181 3371 geometrico
1207 3298 1295 3353 cubita
1325 3297 1475 3366 significare
1499 3294 1637 3366 potuisse,
1662 3295 1707 3350 ubi

916 3411 998 3450 urrann
1020 3403 1148 3462 rpuatrtum
1169 3406 1214 3445 sex
1243 3399 1331 3444 nostra
1353 3387 1443 3442 raicrc
1465 3395 1632 3451 assertricem
1648 3387 1707 3456 qrris

916 3504 969 3543 tran
986 3487 1072 3542 rideat
1085 3496 1211 3556 quantuni
1228 3499 1315 3537 rernm
1331 3496 1428 3549 capere
1449 3481 1534 3551 potuit
1548 3480 1592 3534 ilia
1607 3480 1708 3548 magni-

917 3581 1001 3634 tudo?
1015 3578 1082 3633 Nam
1098 3576 1161 3631 iilud
1183 3575 1252 3646 quod
1272 3576 1407 3644 disputant
1426 3581 1506 3627 tarnim
1519 3571 1707 3643 magnitudinis

916 3688 1005 3728 arcam
1031 3686 1083 3725 ιιοιι
1105 3669 1223 3742 potuisse
1249 3667 1402 3738 compingi,
1417 3666 1583 3736 ineptissime
1602 3664 1706 3719 calum-

916 3767 1040 3829 niantur,
1055 3778 1114 3818 cum
1131 3762 1215 3817 sciant
1229 3761 1372 3814 immensas
1386 3758 1464 3814 urbes
1485 3755 1566 3811 inisse
1585 3764 1708 3811 consiti>

916 3869 990 3920 etas.
1007 3871 1056 3913 nec
1075 3854 1217 3911 attendunt
1231 3860 1338 3908 eentum
1361 3865 1446 3905 annos
1463 3848 1559 3919 quibus
1579 3863 1641 3903 arca
1663 3845 1707 3903 illa

916 3960 957 4006 cst
973 3950 1099 4003 inbrieata
1115 3964 1122 4001 z
1136 3946 1187 4000 nisi
1202 3945 1269 3999 iorte
1284 3943 1352 4013 lapis
1366 3941 1445 4011 lapidi
1460 3940 1598 3995 adhaerere
1620 3946 1708 4008 potest

110 4018 137 4072 ¹·
156 4016 216 4072 ΝΜ
231 4027 319 4072 ”men
332 4016 474 4087 q⁰i⁸q¹¹³¹¹¹
489 4024 584 4087 imm
598 4015 696 4079 deba·
711 4022 756 4069 ³¹¹¹
766 4012 865 4069 [ΝΜ
916 4042 974 4097 ania
987 4040 1062 4096 ealce
1078 4037 1255 4108 conjtmctus,
1270 4043 1298 4089 ut
1319 4049 1410 4088 morus
1432 4047 1479 4102 per
1493 4039 1532 4085 tot
1556 4030 1639 4085 miliia
1652 4029 1708 4085 cir·

74 4106 132 4162 ΜΕ
144 4122 204 4164 ⁶⁸⁵⁰
218 4108 369 4178 ⁰⁰⁰⁸⁰¹ip¹²
381 4146 389 4172 ’
403 4116 450 4162 ²¹¹²
462 4105 646 4162 mmmm&
668 4119 757 4160 ‘emm
778 4112 866 4175 Μ’
916 4141 1081 4204 cnnmgatur‚
1090 4139 1118 4186 et
1128 4131 1226 4200 iignum
1241 4128 1312 4198 iigno
1325 4141 1372 4197 per
1385 4123 1569 4188 subscudines,
1581 4122 1670 4192 epiros
1683 4119 1706 4188 ⁸,

75 4214 134 4255 rum
147 4200 288 4255 veritatem
302 4200 361 4255 sine
383 4199 445 4255 ullis
457 4199 610 4270 allegoricis
631 4198 865 4269 significationibus

76 4291 120 4349 irie
133 4308 192 4349 esse
206 4293 396 4365 quaerendam
410 4301 457 4348 aut
480 4307 496 4348 e
517 4292 653 4347 contrario
675 4290 734 4347 hcc
756 4290 866 4345 omnino
949 4293 957 4320 ¹
974 4288 1073 4336 stcuss.
1084 4290 1112 4355 ιι
1127 4282 1194 4354 editi,
1208 4279 1376 4391 ⁶⁰mftud050·
1388 4283 1541 4388 iffi&
1555 4277 1591 4326 ⁵5⁰
1606 4275 1708 4334 habene

75 4395 212 4458 gesmnon
226 4400 303 4453 esse,
316 4385 364 4442 sed
376 4387 448 4442 solas
460 4385 673 4442 essererborum
687 4383 803 4455 figuras;
820 4392 866 4438 aut
916 4344 1401 4471 gdgffludmfffirwlffi
1414 4343 1709 4464 emizgp'feffiffiprffi

74 4479 203 4550 ptridquid
215 4480 279 4535 iilud
292 4488 532 4549 est,nequaquam
546 4477 579 4533 ad
594 4476 759 4547 prophetiam
773 4475 867 4530 Eceie·
911 4475 975 4538 iarn.
993 4479 1020 4520 nt.
1044 4532 1068 4544 Η
1140 4530 1145 4541 ,
1240 4526 1272 4539 ,,
1339 4523 1445 4576 ’,ΜΗ
1565 4522 1572 4571 Ι
1645 4527 1710 4572 tt

75 4573 122 4627 sim
137 4573 282 4642 pertinere.
296 4571 361 4640 Qtris
374 4571 447 4626 enim
463 4569 514 4625 nisi
532 4577 623 4623 mente
635 4582 794 4639 perversus,
810 4568 867 4621 ina·
916 4529 1644 4704 wsseffiffi'ffffissfig'qssffiffluspcmffiuffiucssffl
1653 4535 1710 4647 ρρῗι

75 4666 146 4719 niter
168 4665 282 4735 scriptos
305 4679 366 4719 esse
392 4661 536 4718 caritendat
555 4662 637 4717 libros
663 4632 865 4731 per⁸annorum
916 4663 1034 4730 nongenta
1047 4668 1091 4719 pet
1110 4667 1214 4719 mam,
1226 4658 1320 4726 cenrmn
1332 4645 1503 4722 ementatum
1519 4659 1562 4709 ret
1574 4645 1657 4704 namn,
1669 4656 1711 4696 Μ·

989 4727 1014 4770 to
1026 4730 1070 4782 per
1081 4715 1165 4766 adeon.
1177 4721 1333 4777 mmtguntur
1344 4712 1374 4761 ad
1384 4712 1480 4760 codices
1493 4707 1675 4768 manuscriptos,
1685 4707 1711 4756 in

75 4754 157 4809 miliia
178 4763 250 4809 tanta
273 4754 401 4825 religione
417 4761 446 4810 et
469 4764 522 4807 tam
535 4752 664 4807 ordinatae
690 4753 866 4807 successionis
916 4733 1048 4845 {fflmffi
1059 4779 1139 4829 muita
1150 4776 1378 4827 alcimoinismcrito
1388 4770 1625 4820 „apameffiommup
1637 4781 1643 4816 :
1655 4780 1712 4817 mm

75 4845 243 4901 observantia
257 4845 421 4913 custoditos;
434 4853 480 4899 ant
492 4843 564 4899 solas
583 4858 627 4899 res
646 4853 734 4914 gestas
756 4843 810 4897 iilic
824 4843 866 4897 in·
916 4844 970 4895 bec
987 4843 1017 4894 nd
1033 4842 1179 4913 propositam
1191 4835 1358 4910 ¹‹tilliexritatcm
1375 4831 1513 4906 solrepdam
1531 4843 1580 4879 non
1597 4841 1629 4902 eo
1639 4828 1711 4878 modo

75 4937 203 5004 tuendas,
220 4938 263 4993 ubi
283 4948 375 5004 certe,
391 4945 419 4991 ut
432 4936 481 4991 alia
495 4937 616 4990 omittam
630 4975 637 4999 ‚
652 4934 675 4989 si
689 4935 866 4989 nunrerositns
917 4901 1211 5027 ffig¹ffiffissssl⁰ffi¹mm⁸
1223 4905 1249 4948 et
1259 4895 1390 4946 mmm
1399 4896 1495 4954 cumm'
1506 4890 1572 4941 m
1583 4897 1712 4954 mmm

74 5029 229 5086 atrimaliom
245 5028 357 5101 cogebat
370 5044 440 5085 arcte
452 5036 553 5083 turriam
567 5026 624 5083 ileri
640 5025 865 5097 magnitudinem,
950 5030 961 5063 ⁸
974 5036 1035 5104 rex,
1048 5025 1101 5086 uei,
1110 5019 1321 5085 abestapluribus
1330 5015 1508 5079 manuscriptis,
1518 5026 1566 5063 naa
1580 5021 1665 5064 samen
1679 5011 1709 5064 ab

74 5121 210 5179 immunda
230 5121 291 5176 bina
304 5130 332 5176 et
344 5121 442 5177 munda
455 5130 565 5188 septena
586 5119 726 5175 intromitti
741 5118 866 5174 animalia
917 5090 1058 5201 Qffi'ffl
1069 5147 1171 5199 „emo
1181 5142 1310 5208 anquando
1325 5142 1401 5192 ,imm
1413 5143 1467 5190 ,m
1477 5135 1646 5195 scribendum,
1658 5131 1712 5200 epi.

74 5215 151 5284 (Gen.
163 5231 210 5281 ru,
224 5215 253 5284 Ξ)
265 5213 467 5285 qntomgebar,
481 5229 542 5269 eum
562 5212 672 5281 aeipuaiis
685 5213 787 5266 numeri
803 5226 867 5280 pos·
949 5233 1109 5296 (umquem,
1130 5229 1162 5278 de
1176 5229 1275 5290 olympo
1293 5221 1461 5276 sannanim,
1480 5220 1567 5271 decem
1579 5218 1713 5269 sandinum

74 5316 135 5363 aeut
149 5315 263 5376 utraque
275 5304 377 5362 serrari
392 5304 451 5376 (aii
463 5306 516 5359 bur
527 5319 592 5360 rero
605 5304 687 5371 Deus,
700 5303 744 5374 qtri
757 5310 867 5373 propter
917 5286 1381 5416 ffizffiebfflffiissuffihffi
1388 5279 1711 5403 {ffllgtrtmlffi'igffi

76 5395 255 5469 reparandum
269 5409 355 5468 genus
373 5395 504 5452 servanda
517 5394 662 5466 praecepit,
675 5408 709 5449 co
727 5392 807 5449 modo
821 5392 867 5447 iiia
918 5417 1025 5469 mim„
1035 5429 1041 5466 :
1054 5421 1199 5477 „3quae
1217 5417 1264 5471 „g
1286 5409 1396 5458 ,imm
1406 5405 1577 5457 mimum
1587 5408 1638 5454 ,010
1647 5411 1716 5473 ,ΜΡ

107 5491 116 5520 ¹
133 5485 204 5547 editi,
214 5487 290 5551 {acres
299 5497 339 5559 co.
349 5491 378 5536 tt
392 5485 632 5556 namsoipti,iuxta
648 5484 803 5548 septuaginta
811 5485 868 5556 ·s⁰·
918 5491 966 5552 nac
975 5477 1059 5528 difflari
1071 5488 1119 5525 nec
1133 5474 1201 5532 dilui,
1213 5480 1242 5559 ut
1257 5470 1351 5544 soboas
1369 5466 1521 5542 (rolgbistor,
1542 5478 1586 5590 effi
1608 5463 1639 5527 9)
1651 5475 1697 5513 serr

74 5549 124 5602 aies
134 5561 189 5600 caan
196 5561 206 5611 ,·
218 5553 245 5599 el
256 5547 338 5599 exitis
353 5547 452 5613 padam
461 5547 562 5608 mboat,
573 5545 743 5598 iocantem
758 5552 781 5598 ct
792 5552 867 5598 uue-
918 5541 962 5592 bn.
974 5540 1040 5598 Qttod
1051 5536 1185 5609 fabulosum
1197 5533 1318 5585 essodteti
1328 5538 1467 5581 rmuctscus
1475 5527 1552 5578 ritilei
1585 5525 1714 5588 mordas

74 5617 201 5664 mim·
918 5609 1026 5653 urentem
1044 5599 1184 5650 ascendisse
1206 5596 1316 5658 affirmat,
1337 5600 1429 5645 utrem
1449 5597 1540 5643 tautam
1559 5585 1711 5654 explorasse

107 5673 145 5741 (Β)
155 5668 222 5732 m
234 5670 278 5726 ube
291 5668 320 5727 ,Ξ
330 5677 395 5735 mma
406 5677 484 5725 mm·
497 5667 606 5735 meh«,
618 5681 687 5737 uw-
698 5667 730 5724 ³8
742 5675 768 5722 ed
781 5669 818 5722 1⁵·

919 5671 975 5716 lto.
988 5669 1066 5714 t‘xi'cS·
