3900 6390
255 271 325 330 ‘ffb

257 415 260 421 ·
277 417 308 456 rc
322 398 429 469 siugulis
442 409 545 465 iratoque
559 393 714 463 conscriptis
728 393 806 449 etiam
821 393 884 461 ipsae
898 406 940 445 rcs
953 391 1059 444 mirabi-

280 472 339 524 liter
351 466 473 522 concordi
500 466 598 520 unitate
612 467 729 526 coirent3
746 462 864 532 profectu
886 471 993 531 putares
1007 477 1058 515 nun

279 550 332 592 tam
357 537 487 606 preterita
505 533 628 598 narrari,
649 547 727 601 quam
750 532 836 602 potius
860 532 997 598 [ttaesettlia
1012 532 1060 585 de-

265 608 428 663 monstrari.
441 607 476 658 lta
494 606 575 663 cuim,
588 601 657 671 quod
670 616 792 656 sermone
806 601 995 668 proferebatur,
1011 610 1062 655 sta·

280 681 325 732 tim
345 679 425 730 etiam
451 675 507 743 ipso
532 673 655 742 praesenti
675 686 755 742 opere
781 671 947 735 cernebatur,
962 680 991 725 ut
1007 670 1061 725 alio

278 745 391 817 quodam
404 744 497 813 maiori
518 741 647 796 miraculo
667 741 827 796 mirabiliora
852 742 907 809 ipsa
933 741 1059 795 miracula

277 815 459 871 redderentur.
473 814 537 879 Quis
545 821 597 865 tam
611 811 692 867 durus
706 826 736 865 ac
748 811 848 865 ferrens
861 826 913 864 nan
932 811 958 864 in
975 809 1060 881 lacry-

277 899 334 940 mas
344 884 452 952 crupitl
473 899 525 936 nrm
544 882 576 935 ad
598 881 718 950 pietatem
738 880 965 948 humilitatemque
974 879 1060 933 dellu-

278 954 339 1008 alti
350 954 414 1021 Quis
425 968 538 1022 nnquaru
552 953 631 1022 digno
642 951 772 1018 preconio
795 950 864 1018 loqui
879 951 961 1018 possit
972 950 984 1002 i
998 948 1058 1004 fie-

277 1023 323 1078 bat
335 1025 434 1077 clamor
446 1022 626 1091 gratulationis
639 1021 664 1074 iu
687 1020 775 1074 auditu
802 1019 923 1074 lectionis
936 1036 1058 1074 :rursum

276 1108 380 1163 imoque
394 1093 477 1161 major
497 1092 636 1145 exsultatio
649 1090 811 1144 excitabatur
825 1090 850 1142 in
864 1100 970 1158 aspectu
980 1089 1061 1143 visiu-

277 1165 319 1216 uis
334 1180 341 1222 ;
361 1163 438 1217 acsic
450 1177 496 1230 per
508 1159 626 1214 auditum
641 1169 668 1214 et
685 1159 770 1213 visum
789 1161 943 1227 penetrabat
954 1159 1057 1212 bavrrma

277 1232 357 1286 divini
377 1232 474 1285 aratoris
497 1231 583 1283 orrruis
607 1239 669 1284 tunc
691 1243 740 1282 cor
760 1229 885 1283 ltominis.
897 1228 957 1283 flac
969 1237 1058 1284 auum

277 1304 337 1370 quia
350 1302 409 1356 siue
422 1299 526 1355 silentio
539 1300 673 1368 preterire
686 1314 737 1352 nnn
749 1300 831 1367 potui,
845 1307 952 1367 propter
964 1312 1056 1352 eornm

277 1371 506 1442 quiillotemporc
527 1368 664 1423 adfuerant
688 1369 842 1421 memoriam
868 1368 1059 1434 renovandam,

276 1444 332 1496 sire
352 1455 444 1495 corum
458 1453 525 1508 quos
543 1439 591 1492 ista
613 1438 727 1492 latebant
746 1448 909 1507 nequaquam
921 1438 1057 1494 scientiam

222 1553 227 1573 ,
276 1510 481 1566 defraudandam
491 1525 498 1572 ;
510 1518 535 1562 et
545 1509 604 1577 quia
616 1507 658 1561 illa
679 1509 734 1576 ipsa
747 1509 939 1576 corninuoquae
950 1511 1058 1563 recitata

227 1563 232 1586 ³
275 1589 348 1642 sunt,
358 1581 447 1634 statim
465 1578 571 1633 etfama
591 1577 718 1645 religiosis
731 1576 849 1644 plurimis
863 1593 921 1632 cum
942 1578 1057 1632 clausula

216 1698 218 1703 .
276 1666 323 1705 aua
336 1659 411 1719 capta
426 1647 740 1716 ¹strittatquedescripta
756 1665 762 1698 τ
777 1647 874 1701 idcirco
892 1647 984 1701 adalia
999 1662 1058 1716 quae

275 1728 416 1774 consecuta
436 1728 497 1772 sum
522 1717 661 1777 narranda,
689 1717 749 1770 hiric
765 1717 905 1784 adjuvante
933 1718 1053 1781 llorniuo,

275 1791 349 1859 qamsi
365 1788 560 1843 libellisecundi
582 1786 716 1841 exordium
742 1787 910 1854 sumpsimus.
934 1787 1057 1841 lieleranr

276 1860 354 1923 igitur
362 1860 445 1921 vulvis,
460 1857 616 1922 charissimi,
637 1856 770 1924 adjutorio
784 1856 886 1910 hunvini
899 1858 980 1912 nostri
994 1857 1057 1912 lesu

274 1927 388 1985 Christi.
401 1928 486 1982 adlvuc
496 1926 621 1995 Stephani
649 1927 750 1995 patroni
766 1927 914 1980 communis
927 1927 1055 1981 mirabilia

276 2011 355 2066 gestae
369 1999 406 2053 rei
431 1998 571 2064 rnvvltisque
594 1995 661 2049 bene
690 1996 853 2050 notissimam
874 1996 1015 2052 inlaudem
1030 2007 1057 2050 ct

274 2068 384 2139 gloriam
399 2069 444 2123 bei
457 2066 652 2122 memorabilem
665 2064 809 2120 historiam.

275 2180 384 2237 CAPUT
398 2176 520 2234 tt.-tu
527 2176 634 2247 disperio
645 2192 701 2246 qnoe
712 2176 824 2247 paralysi
835 2175 916 2244 [aaut
925 2192 1054 2245 percusso,

307 2266 365 2320 que
384 2252 448 2304 inter
468 2248 621 2303 medicorum
641 2263 729 2300 aturrus
748 2247 890 2312 defecerat,
911 2257 933 2300 et
952 2262 1055 2302 craneus

309 2322 342 2374 od
354 2329 466 2373 sonetum
477 2317 631 2389 ilepfronnm
639 2333 654 2368 o
661 2315 756 2387 duplici
767 2316 1056 2383 infirutilutecnrutnest.

308 2416 335 2467 l.
357 2410 572 2481 Carthaginensis
593 2408 706 2463 civitatis
727 2407 846 2479 quaedam
866 2407 933 2477 luit,
959 2407 1055 2465 nobilis

273 2498 388 2554 genere,
410 2482 522 2536 nobilior
541 2480 639 2534 Christi
662 2479 712 2532 fide
725 2522 732 2544 ,
746 2478 855 2547 hlegctia
878 2478 983 2532 nomine
994 2519 1002 2543 ,
1014 2480 1056 2532 di-

273 2568 320 2607 vcs
334 2555 359 2606 in
380 2552 496 2615 seculo,
511 2551 590 2604 ditior
612 2549 637 2602 iu
652 2549 706 2602 fleo
722 2566 728 2601 :
744 2550 786 2601 cui
808 2547 950 2601 christiana
971 2557 1055 2605 malcr

271 2633 329 2679 erat
341 2623 447 2676 rrornine
460 2620 546 2675 llitula
563 2637 569 2673 ι
583 2618 678 2689 pagani
692 2626 777 2672 autem
795 2626 871 2672 eravvt
884 2618 992 2673 rataritus
1004 2660 1012 2685 ,
1026 2629 1053 2674 et

271 2707 367 2754 socer,
381 2699 409 2745 et
429 2701 514 2759 pater.
528 2688 590 2743 ilaec
611 2703 670 2742 eum
692 2688 718 2741 in
733 2698 808 2741 utero
821 2687 929 2741 baberet
940 2727 948 2748 ,
960 2699 1054 2757 quarto

272 2776 363 2817 mense
384 2770 527 2829 conceptus
542 2759 581 2812 sui
595 2799 602 2816 .
617 2758 706 2812 nescia
718 2756 787 2811 vinde
808 2756 959 2811 tvarrseaudo
982 2761 1053 2825 prius

272 2846 304 2886 ac
325 2830 487 2900 rejiciendo,
508 2828 569 2883 dnm
592 2828 753 2896 frequentius
771 2836 905 2895 pateretur
923 2830 1053 2885 stomachi

272 2899 472 2957 coracessioncm
493 2901 600 2968 orisque
613 2898 803 2951 distensionem
823 2899 975 2952 etvrtmitns
990 2913 1052 2967 pru·

271 2970 456 3036 uocationem,
473 2971 499 3023 in
512 2969 666 3038 pravitatem
681 2975 836 3034 pestemque
850 2966 977 3036 paralysis
990 2984 1054 3023 can·

270 3056 299 3095 sa
314 3040 438 3111 perducta
451 3048 510 3101 cst,
526 3041 559 3092 ita
574 3050 602 3092 ut
613 3037 726 3092 exclusis
740 3052 755 3090 a
769 3035 834 3091 locis
845 3038 901 3091 suis
915 3036 978 3104 ipsis
991 3052 1052 3092 car-

270 3112 375 3165 dinibus
391 3109 512 3165 dentium
533 3118 560 3162 et
581 3108 756 3172 arteriarum,
778 3121 942 3177 nequaquam
963 3118 1053 3177 posset

271 3182 370 3249 ‹lilavpsa
385 3195 431 3233 nra
453 3179 653 3247 constringere,
667 3191 753 3245 neque
768 3178 871 3243 pervios
883 3187 961 3245 atque
982 3178 1052 3234 iute-

269 3266 331 3318 gros
345 3250 422 3317 palati
436 3258 523 3303 motus
543 3263 574 3301 ac
587 3248 682 3316 lingue
700 3246 733 3300 ad
745 3246 842 3316 aliquid
856 3246 897 3301 vel
908 3261 955 3301 ure
973 3250 1052 3303 emit·

271 3320 397 3384 tendum,
422 3319 466 3374 vel
491 3318 518 3372 in
542 3332 572 3371 os
597 3315 777 3385 recipiendum
800 3315 908 3371 habere.
935 3317 1051 3372 lieman-

270 3398 341 3444 serat
363 3391 390 3444 in
414 3389 509 3443 femina
533 3389 575 3456 pia
599 3395 626 3442 et
647 3386 775 3456 pudorata
797 3385 923 3442 deformis
945 3387 1051 3456 quidam

271 3469 299 3513 et
311 3461 473 3513 aversandus
492 3465 633 3526 aspectus,
657 3465 685 3511 ct
705 3456 740 3509 ibi
753 3455 808 3510 ritii
823 3456 925 3511 maenia
945 3458 1051 3528 corpori

271 3539 327 3582 erat
348 3531 447 3595 infixa,
461 3527 505 3583 ubi
527 3527 617 3596 ntique
640 3541 803 3595 nequaqnam
825 3536 913 3595 posset
926 3540 985 3581 esse
1007 3542 1052 3583 ce·

271 3599 322 3652 lata
340 3614 347 3650 ι
364 3599 443 3652 farcies
465 3597 562 3666 quippe
582 3604 659 3662 erat,
675 3597 708 3649 de
728 3611 778 3664 qam
799 3595 906 3676 quidam
927 3595 1049 3662 dixerat,

269 3667 355 3722 Frons
379 3667 512 3721 hominem
537 3665 660 3735 prefert,
684 3680 744 3736 quae
767 3676 818 3734 tegv
842 3666 899 3718 sine
920 3665 1051 3722 dedecore

270 3753 321 3790 non
348 3745 442 3805 potest.
465 3734 629 3790 Ceterorum
653 3749 766 3804 namque
787 3735 966 3790 membrorum
990 3749 1051 3793 ctnu

270 3808 359 3875 aliquo
382 3807 447 3860 vitio
471 3804 557 3859 officia
583 3805 798 3874 propediantur,
821 3803 948 3859 raonnulla
974 3805 1050 3860 iudu-

269 3885 332 3929 stna
355 3875 444 3929 rubori
464 3874 663 3930 subtrahuntur.
685 3876 719 3928 tt
733 3890 795 3928 vero
808 3889 868 3929 crnn
893 3876 948 3942 ipsc
962 3875 1049 3931 vultus

269 3948 355 4015 aliqua
379 3945 459 4000 fuerit
485 3944 604 4001 ledtnre
630 3952 766 4011 turpatus,
791 3943 918 4014 quidquid
942 3956 1050 4014 propter

272 4015 456 4071 verecundiam
481 4015 603 4085 tegminis
628 4014 786 4080 adhibetur,
812 4015 866 4083 ipsa
892 4015 1049 4071 verecundia

269 4086 353 4156 magis
374 4093 492 4155 augetur.
507 4085 575 4150 Quid
597 4098 660 4154 crgo
682 4085 781 4138 laceret
801 4084 896 4138 nolrilis
909 4093 1047 4149 mannua,

268 4154 419 4209 velamento
442 4154 606 4209 abscondens
632 4169 677 4208 nra
701 4155 808 4218 vitiata,
833 4153 895 4207 dnm
919 4155 1049 4208 venienti·

267 4223 319 4280 bus
340 4225 481 4278 salutatum
505 4224 582 4279 adse
602 4239 676 4292 aeque
699 4224 757 4277 aliis
778 4223 908 4277 nobilibus
923 4223 1047 4290 ferrrinis,

269 4301 315 4346 aut
335 4294 453 4346 osculum
475 4292 557 4360 dave,
572 4302 617 4348 aut
639 4307 788 4348 sermonem
808 4292 950 4360 conferre,
966 4294 1048 4364 ipsius

268 4361 329 4417 ritae
343 4363 457 4418 societas
479 4371 558 4432 atque
581 4362 729 4416 humanitas
751 4363 941 4431 compulisset,
958 4373 987 4416 ut
1010 4375 1048 4417 ta·

261 4447 342 4500 ⁴ccatm
356 4431 389 4485 dc
411 4430 472 4486 cibo
483 4441 510 4486 ct
531 4441 593 4500 potu
605 4473 612 4495 ,
625 4431 694 4500 (quod
715 4432 758 4486 rix
771 4447 840 4502 agre
860 4440 963 4502 poterat
975 4447 1049 4487 man·

268 4503 366 4557 ducare
380 4501 420 4556 vel
443 4501 570 4555 hauriret
583 4500 700 4570 Namque
714 4501 846 4569 ingenium
868 4501 1048 4573 industriaque

268 4571 431 4627 medicorum
453 4570 498 4625 din
521 4571 684 4638 multumque
705 4571 774 4624 circa
795 4586 852 4626 earm
874 4571 1046 4627 laborantium

267 4641 385 4706 frustra,
401 4657 454 4696 non
476 4640 561 4695 solum
588 4640 652 4693 nilnl
675 4639 766 4694 salutis
789 4641 812 4694 ei
828 4641 947 4695 conferre
970 4651 1048 4712 pote-

268 4722 328 4777 rat,
345 4726 435 4765 verum
457 4710 536 4766 etiam
559 4711 584 4764 in
608 4710 724 4764 deterius
744 4724 823 4763 causa
844 4711 979 4781 pergebat.
995 4712 1048 4768 h'ec

184 4841 189 4850 ¹
268 4782 401 4836 immerito
425 4796 432 4832 :
457 4781 490 4835 ab
513 4781 558 4834 illo
580 4780 650 4834 eninr
674 4779 810 4834 conditore
833 4789 860 4834 ct
881 4779 1048 4852 redemptore

269 4852 355 4904 orvvnis
378 4861 478 4905 araturae
503 4849 557 4904 Deo
581 4848 695 4903 nondum
720 4850 745 4902 in
770 4848 813 4902 illa
836 4847 1047 4916 reformabatur,

268 4921 338 4990 quud
363 4920 467 4974 nonnisi
489 4919 546 4989 ejus
560 4920 656 4974 virhtte
678 4920 824 4983 fumantur,
839 4934 914 4985 carptas
936 4934 1047 4976 censura

268 5006 348 5044 ornare
371 4989 485 5044 bominis
508 5004 604 5057 corpus
628 4998 655 5042 et
679 4988 816 5057 disciplina
840 4989 1046 5056 constringitur,

267 5069 296 5113 et
319 5059 448 5114 medicina
471 5058 587 5112 laxatur.
611 5058 666 5112 Tali
691 5059 769 5127 igitur
790 5057 909 5113 coniecta
933 5072 1048 5114 nvoerorc

268 5142 300 5182 ac
325 5129 440 5194 dolore,
472 5143 521 5183 uec
547 5142 773 5197 quorumcumque
801 5129 976 5183 remediorum
1004 5137 1049 5182 avit

269 5198 521 5252 medicamentorum
547 5199 602 5253 ullo
624 5197 712 5266 adjuta
737 5197 887 5262 levamine,
915 5197 970 5252 feve
992 5198 1046 5268 jam

268 5275 347 5320 sextu
373 5281 487 5330 arouse,
515 5265 674 5321 tabefactum
701 5267 784 5321 fuerat
808 5267 926 5322 delicate
953 5282 1049 5337 corpus

267 5338 425 5404 animusque
446 5336 549 5404 puellae.
563 5336 602 5390 Oh
623 5352 701 5404 spiram
724 5350 779 5391 rem
801 5336 881 5391 etiam
903 5338 965 5391 illud
977 5338 1048 5407 quod

258 5407 387 5474 ¹gestabat
400 5421 415 5460 a
430 5405 500 5459 vitali
520 5407 612 5473 spiritu
632 5407 685 5475 jaun
705 5406 878 5473 destitutum,
894 5411 961 5461 intra
974 5419 1048 5478 septa

271 5480 401 5530 visccrnm
426 5475 554 5528 retinehat
578 5482 736 5530 errvurtaum.
761 5474 797 5528 lta
820 5490 880 5530 cum
905 5478 978 5546 prius
1000 5478 1049 5531 sub

270 5561 321 5598 urvo
344 5544 472 5615 paralysis
485 5544 548 5596 vitio
567 5545 620 5613 jam
642 5547 698 5616 ipsa
710 5545 763 5600 rita
783 5544 921 5613 horreret,
937 5546 1049 5603 accessit

300 5683 307 5705 ¹
327 5683 393 5726 ttortc
406 5675 544 5740 leganadum,
557 5683 676 5739 conrepta.
708 5683 736 5727 tt.

662 276 840 334 astenoit.
856 308 892 319 —
910 276 952 331 DE
971 274 1149 332 htnncthts
1167 276 1286 333 sancti
1305 275 1470 335 sternant

1844 284 1895 345 8ss

1112 389 1183 443 aliud
1202 393 1307 461 grav-im
1319 400 1346 445 ct
1367 390 1558 461 periculosius,
1575 393 1644 448 unde
1657 408 1709 451 nec
1721 394 1779 464 ipsa
1791 398 1894 519 quimus

1112 459 1214 513 vivendi
1240 461 1399 529 possibilitas
1423 471 1580 517 rcruaneret.
1606 463 1672 518 Nam
1699 462 1723 519 si
1745 465 1832 534 puela
1855 471 1889 527 sir

1111 529 1245 585 defecerat
1264 533 1314 585 snb
1335 531 1497 585 vitiosioris
1518 531 1627 599 labore,
1650 534 1787 602 quomodo
1807 549 1888 607 posset

1112 599 1199 653 vivere
1221 615 1280 654 cum
1303 611 1467 655 mortuorum
1489 601 1618 656 viscerum
1639 603 1827 671 collapsione?
1849 607 1894 662 Sc-

1112 668 1208 737 ptimus
1220 670 1318 724 mensis
1331 670 1494 741 incesserat,
1517 685 1568 723 non
1581 667 1668 726 vultus
1679 671 1792 741 pestifer
1805 689 1819 725 a
1835 693 1892 743 pra·

1111 737 1191 793 vitate
1212 739 1374 803 exuebatur,
1389 754 1441 794 uon
1461 739 1537 794 alvus
1556 754 1638 796 onere
1652 751 1761 796 mortuo
1779 745 1891 801 exueba-

1112 815 1162 860 tur.
1190 808 1298 863 Pontius
1324 823 1412 874 vcro,
1437 808 1555 879 flegctiaa
1581 813 1678 879 pater,
1705 825 1891 870 saceraotem

1110 876 1274 944 Avitianus,
1303 885 1331 933 et
1356 888 1466 933 maritus
1491 878 1661 944 Adveatins,
1691 890 1786 948 utpote
1811 884 1892 940 adlauc

1109 946 1264 1068 garrulitatis
1288 947 1425 1004 erroribus
1450 946 1589 1015 adstricti,
1615 949 1743 1022 quidquid
1771 967 1825 1006 non
1850 969 1892 1007 su·

1121 1030 1164 1069 nm
1186 1031 1233 1085 per
1254 1016 1410 1071 industriam
1431 1017 1613 1082 medicorum,
1635 1035 1728 1074 verum
1747 1023 1829 1076 etlam
1848 1036 1893 1094 prr

1110 1092 1181 1140 artes
1210 1085 1400 1141 demoniorum
1430 1101 1462 1142 ac
1491 1087 1735 1156 superstitiosarum
1770 1090 1892 1148 distenta

1110 1155 1273 1219 vanitatum,
1296 1157 1372 1225 quasi
1395 1171 1442 1226 pro
1467 1156 1520 1210 vita
1543 1157 1753 1215 intermorientis
1803 1165 1891 1232 agetius

1110 1232 1232 1293 poterant
1253 1235 1403 1290 attentare,
1427 1225 1524 1280 frustra
1546 1228 1654 1282 omnino
1676 1240 1759 1300 atque
1783 1232 1893 1286 inaniter

1110 1293 1283 1349 desudabant.
1297 1295 1349 1351 seu
1370 1310 1444 1350 error
1466 1294 1649 1366 infelix,qnid
1670 1300 1751 1353 saluti
1773 1298 1892 1356 humane

1111 1373 1137 1417 te
1158 1363 1281 1420 crederes
1299 1380 1380 1434 posse
1399 1363 1539 1428 conferre,
1553 1381 1630 1446 quarm
1644 1367 1769 1423 studuisti
1791 1385 1894 1440 semper

1110 1433 1234 1488 auferre?
1260 1434 1364 1490 ltel'ellit
1389 1443 1414 1488 te
1440 1449 1490 1489 vox
1515 1437 1633 1491 ueritatis
1656 1438 1682 1492 in
1708 1439 1891 1496 sacratissimis

1110 1501 1240 1568 Psalmis,
1263 1514 1414 1559 contestans
1434 1504 1593 1575 generaliter
1613 1515 1640 1560 ct
1659 1507 1800 1576 breviter,
1813 1525 1828 1563 a
1842 1526 1891 1580 qun

1109 1587 1171 1626 vere
1192 1574 1227 1626 sit
1246 1575 1332 1628 omnis
1353 1575 1426 1628 salus
1446 1575 1540 1628 atrimae
1561 1576 1666 1645 corpori
1701 1593 1755 1645 ue,
1779 1580 1889 1635 dicens:

1109 1639 1212 1696 Dareitai
1222 1654 1258 1696 ert
1266 1644 1338 1697 solus
1346 1643 1429 1714 (fhel.
1440 1660 1478 1707 ru,
1487 1645 1525 1715 9).
1537 1644 1591 1699 Soli
1603 1647 1672 1700 enim
1709 1662 1742 1702 eo
1755 1658 1827 1703 recte
1837 1662 1891 1704 carr·

1109 1719 1187 1776 tatur,
1204 1711 1323 1767 ffornincs
1336 1724 1358 1768 et
1366 1714 1481 1784 juncerrtn
1492 1714 1574 1768 sulcos
1586 1717 1673 1783 sunm,
1687 1714 1797 1772 Dandae
1804 1716 1890 1843 ἃΡιαι.

1109 1796 1186 1846 xxxa,
1199 1782 1236 1850 7).
1248 1782 1297 1851 Qrvi
1311 1783 1486 1853 dignatusest
1498 1799 1599 1850 creare,
1611 1786 1793 1857 ipseprnrsus
1822 1791 1891 1860 igna-

1109 1859 1349 1907 tusestelsanare.

1142 1919 1170 1973 ι.
1185 1921 1299 1978 Proinde
1319 1923 1371 1977 illis
1393 1923 1543 1977 memoratis
1556 1924 1677 1993 personis
1695 1924 1744 1981 diu
1759 1926 1785 1981 in
1799 1926 1891 1984 talihus

1109 1989 1205 2044 frustra
1231 1992 1431 2059 laborantibus,
1453 2006 1485 2047 et
1508 2009 1558 2047 non
1584 2008 1716 2063 corpore,
1741 1996 1789 2051 sed
1812 1999 1890 2054 corde

1107 2058 1328 2126 demanantibus,
1356 2078 1419 2118 cece
1448 2063 1517 2117 Deus
1543 2063 1588 2118 ille
1614 2065 1741 2134 rrvagistcr
1766 2066 1812 2136 qrri
1840 2080 1889 2124 non

1106 2129 1205 2185 dormit
1218 2147 1302 2201 neque
1313 2132 1448 2196 dormitat,
1457 2132 1502 2203 qni
1515 2133 1629 2188 custodit
1642 2134 1721 2189 lsrael
1730 2132 1817 2206 (Ρωί.
1830 2151 1889 2200 ιιι,

1106 2200 1145 2269 l);
1155 2200 1212 2269 ipse
1224 2200 1304 2267 Dens,
1313 2202 1429 2272 inquam,
1439 2206 1480 2256 cui
1493 2217 1555 2256 cura
1570 2215 1610 2258 est
1623 2217 1671 2274 pro
1682 2205 1888 2276 omnibusqsap.

1106 2283 1133 2324 u
1144 2310 1152 2334 ,
1165 2269 1382 2341 inreligiosum
1399 2272 1509 2326 llitularn
1522 2313 1529 2335 ,
1543 2271 1662 2344 hlcgetrae
1675 2284 1809 2344 matrem,
1824 2275 1889 2332 fideli

1106 2341 1196 2394 calore
1221 2342 1376 2404 succendit,
1400 2352 1480 2412 atquc
1504 2349 1534 2395 ut
1557 2344 1590 2397 ad
1614 2342 1714 2398 domini
1740 2346 1826 2401 Amici
1849 2349 1888 2402 sui

1107 2407 1232 2478 Stephani
1244 2410 1397 2481 suffragium
1410 2421 1569 2475 accurreret,
1580 2413 1727 2482 inspiravit.
1739 2414 1835 2483 Quam,
1844 2417 1888 2471 abi

1106 2477 1243 2534 benedicta
1256 2480 1351 2536 femina
1366 2482 1392 2535 in
1413 2491 1575 2535 sacratarum
1594 2483 1767 2551 reliquiarum
1788 2486 1887 2542 locodc

1106 2545 1304 2618 Carthaginensi
1327 2550 1391 2604 urhe
1405 2551 1438 2605 ad
1454 2550 1610 2607 Uzaleusem
1633 2552 1751 2623 profecta
1766 2564 1826 2621 cst,
1840 2558 1887 2611 mi·

1105 2618 1329 2676 sericordissimns
1343 2620 1470 2676 horninus
1481 2630 1508 2677 et
1520 2621 1659 2677 miserator
1671 2624 1796 2695 excepit,
1809 2638 1887 2681 exau·

1105 2687 1189 2754 divit,
1210 2688 1329 2758 adjuvit,
1350 2701 1428 2759 atquc
1452 2690 1485 2746 dc
1509 2688 1561 2744 ulta
1583 2701 1734 2761 compotem
1757 2693 1838 2762 fecit,
1857 2710 1886 2752 ae

1105 2756 1139 2810 de
1166 2758 1271 2813 diabolo
1297 2761 1450 2815 adversario
1477 2769 1601 2830 snperato
1628 2762 1766 2817 victricem
1794 2766 1885 2820 nium·

1105 2828 1186 2897 phare
1209 2830 1336 2897 permisit.
1352 2830 1405 2884 [lici
1430 2845 1481 2884 non
1505 2830 1698 2901 potestquibus
1718 2833 1764 2887 illa
1785 2835 1825 2903 pia
1846 2834 1885 2890 fe·

1105 2898 1174 2951 mina
1189 2899 1309 2954 Amicum
1324 2888 1369 2954 Dei
1386 2896 1517 2954 flebilibus
1530 2900 1638 2955 vecibus
1649 2900 1731 2956 fuerit
1743 2916 1864 2974 aggressa
1875 2947 1883 2968 ,

1104 2976 1132 3021 et
1160 2978 1256 3036 quanta
1284 2986 1343 3024 cunr
1372 2971 1541 3025 rniscratiene
1568 2981 1628 3024 ante
1657 2971 1748 3026 linviua
1777 2974 1881 3043 gloriosi

1104 3036 1225 3108 Martyris
1239 3049 1367 3108 prostrata
1387 3039 1484 3094 effusos
1497 3040 1538 3094 sui
1550 3041 1639 3095 cordis
1650 3040 1758 3097 dolores
1775 3059 1883 3113 expres-

1104 3109 1188 3170 serit,
1204 3109 1232 3162 in
1255 3109 1311 3163 haue
1332 3109 1412 3164 verba
1428 3125 1623 3179 prorumpens:
1640 3111 1752 3167 flumine
1772 3113 1883 3183 Stepha-

1104 3193 1157 3243 ne,
1179 3176 1278 3232 Christi
1300 3181 1404 3245 amice,
1426 3180 1535 3234 subveni
1559 3181 1635 3234 matri
1656 3181 1781 3247 miserae,
1803 3185 1837 3237 ad
1858 3194 1883 3239 te

1104 3246 1263 3317 confugienti
1292 3263 1341 3317 pro
1371 3251 1456 3303 salute
1483 3249 1654 3317 periclitantis
1682 3250 1754 3306 tiliae.
1784 3251 1833 3307 ihc
1858 3264 1882 3309 tc

1103 3331 1167 3387 ergo
1186 3318 1335 3386 planctibus
1356 3334 1421 3385 oro,
1436 3319 1489 3373 illic
1508 3328 1534 3374 te
1553 3320 1645 3373 ancilla
1670 3329 1713 3374 tua
1824 3333 1881 3377 vtcnt

1103 3386 1233 3441 medicum
1256 3390 1353 3444 sentiat
1374 3389 1495 3459 imploro.
1508 3389 1566 3444 Scis
1588 3389 1643 3514 ipse
1655 3391 1725 3460 quali
1746 3405 1778 3447 ns
1798 3394 1883 3447 causis

1103 3454 1203 3511 laboret
1215 3457 1344 3527 llegctia,
1360 3470 1386 3513 et
1407 3460 1433 3512 iu
1454 3459 1578 3529 querite
1610 3460 1746 3515 iscrimine
1765 3462 1801 3517 sit
1820 3477 1881 3517 can-

1102 3527 1204 3580 stituta.
1227 3527 1296 3584 Ecce
1317 3529 1387 3583 euim
1409 3543 1442 3584 ex
1462 3540 1561 3598 quanto
1582 3538 1701 3599 tempore
1717 3530 1809 3601 jacet,
1834 3535 1881 3586 mi·

1102 3609 1161 3650 sera
1185 3605 1240 3650 toto
1260 3613 1391 3668 corpure,
1406 3607 1433 3653 et
1450 3598 1562 3669 paralysi
1576 3599 1703 3654 dissoluta
1715 3640 1723 3662 ,
1737 3612 1764 3655 et
1777 3602 1882 3656 visceri·

1102 3664 1152 3720 bus
1178 3665 1316 3721 tabefacta.
1345 3669 1495 3723 Proximum
1518 3678 1559 3724 est
1583 3678 1691 3736 autern,
1717 3679 1747 3723 ut
1772 3673 1883 3742 septimo

1101 3749 1193 3789 mense
1212 3740 1362 3805 completo,
1383 3738 1621 3808 cornprehendatnr
1640 3739 1674 3793 ah
1693 3749 1799 3795 octavo.
1820 3741 1880 3796 Orti-

1101 3819 1150 3859 nes
1176 3805 1316 3874 desperant
1342 3808 1376 3861 de
1400 3808 1485 3862 salute
1510 3808 1628 3878 lllegetiae
1655 3824 1662 3862 :
1690 3824 1741 3880 ega
1765 3826 1824 3881 qnae
1850 3812 1880 3865 ad

1101 3873 1235 3928 Christum
1255 3889 1282 3930 et
1302 3887 1345 3937 te,
1361 3877 1480 3932 Amicum
1499 3879 1575 3946 eius,
1589 3876 1715 3949 confugi,
1730 3883 1812 3935 credo
1824 3884 1880 3951 qrvia

1102 3944 1161 3997 uatis
1175 3943 1260 4000 luctus
1272 3946 1304 3998 de
1327 3948 1378 4000 thia
1394 3961 1445 4000 nun
1460 3949 1609 4015 imponetur
1627 3948 1707 4018 capiti
1729 3965 1799 4004 mco.
1821 3951 1880 4005 l'eto

1100 4022 1189 4068 autem
1211 4025 1238 4069 et
1259 4031 1340 4084 rogo,
1356 4027 1402 4082 ut,
1422 4031 1482 4070 cum
1502 4016 1565 4072 hinc
1577 4034 1592 4071 a
1606 4032 1704 4073 eortina
1727 4029 1771 4072 tua
1791 4036 1880 4075 rever·

1101 4091 1159 4138 tens
1178 4083 1333 4140 festinanter
1353 4085 1385 4140 ad
1407 4087 1528 4141 aracillum
1549 4096 1620 4141 tuam
1642 4086 1774 4156 pmflcisci
1791 4104 1880 4160 cepe·

1102 4168 1151 4218 ro,
1174 4168 1310 4209 recreetur
1322 4156 1408 4210 aalma
1421 4171 1478 4211 mea
1500 4156 1533 4211 de
1546 4157 1598 4211 illia
1618 4158 1707 4227 aliquo
1728 4160 1821 4213 nuntio
1833 4166 1880 4213 ho·

1101 4238 1145 4276 no.
1173 4223 1219 4279 llis
1247 4234 1275 4280 et
1298 4224 1391 4281 horum
1421 4226 1551 4281 similibus
1576 4227 1666 4281 multis
1691 4226 1815 4283 affatibus
1839 4229 1880 4283 uhi

1100 4295 1165 4347 satis
1185 4298 1241 4348 visa
1265 4302 1306 4349 est
1326 4295 1376 4349 sihi
1401 4295 1524 4350 idoneum
1549 4296 1704 4352 instruxisse
1725 4297 1879 4354 advocatum

1100 4373 1219 4418 sanctum
1239 4364 1402 4433 Stephanum
1422 4366 1492 4435 apud
1511 4364 1626 4436 judicem
1646 4364 1801 4432 Christum,
1822 4383 1881 4438 pro-

1100 4446 1163 4500 pere
1186 4434 1219 4486 ad
1244 4434 1408 4489 revisendam
1432 4437 1531 4498 liliam,
1555 4450 1633 4489 unam
1654 4446 1682 4490 et
1701 4437 1787 4491 sulam
1808 4454 1880 4492 suarn

1100 4505 1241 4558 trraximam
1266 4519 1376 4571 ernam,
1401 4513 1485 4560 mater
1514 4505 1702 4575 parturibunda
1727 4509 1879 4562 revertitur.

1099 4570 1193 4626 Oleum
1215 4585 1302 4628 tumen
1322 4573 1534 4641 sanctificatum,
1556 4583 1584 4628 et
1604 4577 1719 4630 orarium
1742 4577 1784 4631 rel
1804 4578 1881 4632 suds-

1099 4642 1168 4695 rium
1190 4644 1338 4698 orationum
1362 4644 1371 4676 ¹
1395 4660 1502 4698 suarum
1524 4642 1702 4713 sudorumque
1725 4660 1776 4716 pro
1796 4647 1880 4702 salute

1100 4708 1160 4764 saliae
1181 4711 1325 4767 laborantis
1349 4715 1547 4780 testimoninm,
1562 4727 1577 4766 a
1591 4713 1660 4769 beati
1681 4713 1806 4788 hiartyris
1825 4716 1879 4771 lic·

1100 4781 1182 4834 moria
1195 4796 1285 4836 secum
1307 4784 1407 4850 pariter
1417 4783 1577 4853 reportabat.
1591 4783 1659 4838 Ecce
1680 4784 1761 4854 igitur
1780 4786 1808 4840 iu
1820 4788 1879 4850 ria,

1099 4865 1158 4905 cum
1181 4850 1395 4908 declinandorum
1416 4864 1525 4908 actuum
1548 4854 1632 4924 gratia
1657 4851 1738 4924 (raam
1761 4856 1879 4910 aestivum

1100 4927 1203 4990 tempus
1223 4931 1280 4974 erat
1292 4963 1299 4986 ,
1313 4938 1365 4992 qun
1385 4923 1476 4992 igneus
1497 4922 1536 4978 sol
1557 4934 1641 4977 terras
1662 4921 1776 4995 urebat)
1792 4939 1879 4981 seces·

1099 4989 1196 5054 sisset,
1218 4991 1305 5046 subito
1329 4992 1485 5047 adveniente
1509 4993 1601 5047 nuntio
1621 4993 1722 5062 aceepit
1744 4995 1846 5051 litteras
1865 5013 1880 5048 a

1101 5060 1157 5114 viro
1179 5075 1227 5113 suo
1240 5062 1274 5116 de
1287 5062 1446 5131 Carthagine
1458 5062 1590 5129 directas,
1611 5063 1680 5117 sicut
1693 5064 1817 5130 precibus
1827 5065 1881 5120 suis

1136 5128 1297 5194 stulavcrat,
1325 5132 1351 5184 in
1378 5131 1472 5200 quibus
1498 5133 1618 5202 proxime
1643 5131 1730 5186 futura
1761 5133 1880 5189 liberatio

1120 5199 1161 5253 liae
1183 5200 1327 5269 significata
1343 5200 1489 5255 eracliam
1511 5216 1629 5256 mensem
1653 5213 1778 5258 octavum
1800 5203 1882 5259 altera

1101 5266 1145 5322 die
1165 5269 1315 5338 ingressura
1338 5270 1390 5323 filiu
1409 5270 1563 5338 dicebatur,
1583 5272 1773 5342 aliquantulum
1794 5282 1881 5328 tamen

1100 5338 1218 5408 vegetior
1239 5348 1358 5402 csse,et
1378 5341 1418 5393 sui
1437 5340 1491 5410 jam
1511 5353 1604 5423 partus
1624 5345 1698 5465 siffina
1712 5343 1881 5412 praeoedere,

1101 5416 1128 5460 ct
1149 5407 1218 5460 buno
1232 5408 1321 5460 arrimn
1344 5409 1413 5462 illam
1428 5412 1461 5466 de
1482 5409 1534 5464 flba
1547 5410 1653 5465 essedo
1671 5427 1726 5466 ere.
1741 5412 1818 5479 Quod
1839 5423 1880 5465 tu-

1102 5485 1157 5530 tum
1179 5477 1308 5547 religiosae
1323 5477 1416 5533 vitulae
1436 5482 1512 5534 matri
1525 5521 1532 5546 ,
1547 5496 1600 5535 nou
1620 5497 1666 5535 ore
1687 5484 1803 5538 lrunrano
1815 5522 1823 5544 ,
1836 5480 1882 5540 scd

1100 5546 1192 5602 divino
1214 5548 1321 5602 oraculo
1342 5546 1522 5606 rvurrtiahatur.
1536 5551 1582 5607 ilis
1603 5551 1681 5624 igitur
1702 5553 1793 5622 prinus
1805 5560 1880 5608 ιοιο·

1135 5680 1143 5712 ¹
1161 5675 1262 5741 thmm,
1275 5678 1417 5744 gratianum.
