3900 6390
73 293 126 354 6⁸5

61 414 185 482 :demque
198 410 293 482 linguae
307 410 345 484 (o)
365 426 412 482 per
437 421 523 468 terras
548 427 610 469 esse
632 425 789 485 coeperunt,
801 429 862 486 quac

70 501 217 558 crescendo
239 511 266 558 et
280 503 381 559 insulas
395 504 580 576 impleverunt.
594 505 694 560 ductus
720 512 761 560 cst
774 514 862 559 autern

71 606 201 650 uumerus
221 594 340 663 gentium
360 596 444 649 multo
458 594 572 665 amplius
594 611 674 666 quam
700 596 861 667 linguarum.

69 685 137 742 batn
148 694 176 740 et
190 685 216 739 ιιι
229 683 319 742 Africa
334 686 460 741 barbaras
480 697 574 757 gentes
588 687 615 741 in
630 703 681 742 utra
703 687 790 757 lingua
802 687 862 756 plu·

69 777 153 833 rimas
175 777 316 844 eravimus,
342 784 370 832 el
396 777 518 833 homines
544 778 668 846 quidem,
687 780 862 850 rrrultiplicato

68 883 169 940 genere
194 867 329 938 humano,
355 867 389 924 ad
412 868 513 923 insulas
538 869 722 925 inhabitandas
757 870 862 940 uarigio

70 958 185 1014 transire
197 960 327 1030 potuisse,
338 958 400 1031 quis
409 957 544 1029 ambigat?

69 1070 184 1128 CAPUT
198 1069 302 1125 vti.-

105 1141 251 1197 atotr'aainroe
267 1142 466 1197 otcrrr‘ainculoe
493 1158 562 1196 exeo
576 1159 680 1197 contero
701 1143 858 1213 occeperint,

104 1214 147 1282 qai
160 1214 185 1266 in
199 1228 261 1266 orco
273 1231 290 1265 o
304 1213 392 1266 diluuii
405 1212 572 1267 inundatione
582 1223 695 1268 seratur
707 1223 754 1266 cst.

104 1304 157 1358 Sed
172 1305 284 1374 questio
305 1303 338 1359 de
351 1303 424 1359 omni
442 1318 541 1374 genere
565 1302 710 1359 bestiarum
724 1312 783 1370 est,
800 1317 859 1373 quse

67 1397 118 1452 sub
132 1410 196 1451 cura
221 1397 357 1452 bominum
382 1411 435 1452 non
449 1404 528 1462 sunt,
543 1410 594 1450 uec
614 1397 692 1451 sicuti
713 1412 785 1451 ranae
810 1410 859 1449 na-

67 1500 180 1545 scuntur
193 1504 227 1544 ex
245 1500 332 1555 terra,
346 1489 393 1545 sed
408 1489 465 1545 sola
475 1490 665 1546 commixtione
683 1491 765 1544 maris
778 1500 804 1545 et
817 1488 859 1542 le·

66 1581 148 1635 mium
169 1589 365 1651 propagantur,
387 1579 455 1635 sicut
470 1581 523 1650 lupl
544 1589 623 1652 atque
641 1580 794 1650 hujusmodi
808 1596 860 1636 cac·

67 1672 283 1742 tera,quomodo
294 1680 352 1741 post
365 1671 569 1742 diluviumque
583 1688 613 1726 ea
624 1688 683 1743 quae
696 1675 722 1726 in
735 1687 795 1727 area
805 1688 858 1728 non

65 1770 160 1827 erant,
173 1771 269 1817 cuncta
283 1763 371 1818 deleta
384 1775 462 1832 sunt,
478 1764 558 1818 etiam
573 1763 599 1818 in
621 1764 715 1819 insulis
731 1779 791 1819 esse
810 1779 858 1834 po·

64 1856 175 1920 tuerint,
186 1856 209 1910 si
223 1865 346 1925 reparata
366 1871 421 1911 uon
438 1866 499 1911 sunt
512 1857 562 1910 nisi
573 1872 606 1911 er
621 1855 678 1925 bis,
689 1872 800 1926 quorum
813 1871 859 1927 ge-

64 1962 131 2003 nera
146 1947 173 2002 ιιι
187 1956 300 2017 utroque
314 1962 380 2002 seru
394 1961 456 2002 arca
471 1949 597 2003 servarit.
613 1948 729 2003 Possunt
748 1949 856 2019 quidem

63 2041 137 2096 credi
157 2041 191 2096 ad
213 2041 312 2096 insulas
337 2040 454 2096 natando
473 2042 619 2108 transisse,
639 2041 686 2097 sed
711 2043 857 2112 proximas.

64 2133 133 2191 Sunt
145 2144 234 2190 autem
249 2134 370 2205 quaedam
391 2142 444 2188 tam
460 2133 539 2203 longe
554 2135 673 2204 posttea
693 2135 856 2189 coutinenti-

64 2226 115 2282 hos
128 2228 217 2292 terris,
232 2235 261 2282 ιιι
279 2227 312 2281 ad
325 2241 372 2282 eas
394 2228 465 2282 nulla
483 2226 604 2282 rideatur
626 2242 717 2281 natare
738 2227 856 2297 potuisse

65 2316 222 2373 bestiarum.
237 2317 314 2384 Quod
335 2318 356 2372 si
377 2318 499 2372 lronrines
515 2333 561 2371 eas
584 2326 676 2387 captas
697 2334 785 2373 secum
809 2318 856 2373 ad-

64 2419 212 2473 vexerunt,
228 2420 255 2465 et
269 2425 302 2465 eo
320 2409 400 2464 modo
414 2408 458 2464 ubi
472 2409 626 2465 habitabant
649 2426 741 2466 earurn
756 2425 855 2481 genera

65 2499 249 2566 instituerunt,
262 2501 376 2556 renaudi
390 2501 478 2555 studio
494 2501 550 2555 lteri
566 2502 684 2570 'latuisse
699 2501 856 2559 incredibile

318 1072 357 1125 Aa
377 1088 451 1125 onrne
473 1071 609 1125 beatiorum
627 1088 705 1143 penus
724 1070 799 1125 etiam
818 1088 860 1125 re-

65 2606 118 2646 non
140 2601 182 2647 cst
201 2609 208 2646 ι
229 2593 356 2662 quamuis
373 2592 449 2663 jussu
474 2593 519 2648 bei
545 2592 601 2646 sirc
624 2592 756 2664 permissu
775 2595 855 2649 etiam

65 2697 147 2752 opere
165 2683 326 2753 Angelorum
342 2682 491 2753 negandum
514 2697 567 2737 non
584 2683 619 2736 sit
632 2683 750 2751 potuisse
766 2692 854 2738 trans·

64 2775 137 2828 terri.
151 2773 179 2830 Si
194 2789 258 2830 vero
270 2791 285 2830 c
297 2784 367 2830 terra
375 2783 477 2830 exorte
487 2781 549 2828 sunt
562 2773 710 2829 seeundum
723 2775 854 2844 originem

63 2867 187 2937 primam,
203 2867 310 2938 quando
331 2868 399 2922 dixit
414 2867 499 2932 Dens,
516 2866 646 2921 Producat
661 2876 728 2921 terro
742 2869 854 2922 animant

63 2958 146 3014 nicom
160 2958 235 3029 (Gerr.
250 2959 333 3031 isti)
352 2976 359 3014 :
375 2959 458 3014 multo
476 2958 575 3014 elarius
588 2968 716 3028 apparet,
733 2974 785 3013 non
799 2968 853 3015 tam

63 3052 274 3122 repamndorum
287 3051 440 3106 animalium
454 3067 544 3116 causa,
559 3066 640 3121 quarn
655 3050 853 3121 figurandarum

63 3144 196 3200 uariarum
211 3144 331 3215 gentium
346 3154 456 3213 propter
469 3142 595 3198 Ecclesiae
615 3152 814 3197 sacramentum
827 3143 852 3197 in

63 3251 125 3292 area
140 3235 221 3292 luisse
233 3237 322 3291 omnia
335 3250 443 3307 genera,
457 3237 479 3290 si
500 3236 526 3290 in
541 3234 653 3299 insulis,
673 3249 726 3304 quo
739 3235 855 3292 transire

62 3344 116 3385 noa
131 3337 251 3399 possent,
267 3329 348 3384 multa
362 3329 486 3383 animalia
501 3337 570 3383 terra
585 3327 719 3397 produxit.

62 3443 175 3500 CAPUT
190 3441 304 3499 vitt-
323 3443 363 3498 An
380 3459 426 3499 ca
430 3443 569 3514 propagine
588 3441 670 3497 Adora
691 3443 729 3499 acl
742 3444 855 3513 filiorum

83 3512 142 3569 Noc
154 3516 271 3586 quedam
284 3530 375 3587 gerrem
387 3514 518 3568 bettricum
530 3523 673 3568 atoarlroro
686 3515 834 3585 prodierint.

97 3628 124 3683 l.
138 3627 271 3694 Queritur
293 3628 383 3694 etiarn,
397 3634 485 3682 utrum
499 3641 533 3682 ex
549 3626 609 3682 utils
622 3626 694 3691 Noe,
709 3625 751 3683 tel
765 3628 854 3698 potius

61 3718 151 3776 exilio
164 3733 216 3774 uno
230 3718 349 3786 homine,
363 3717 433 3773 unde
446 3717 529 3772 etiam
544 3717 594 3787 ipsi
608 3719 774 3784 exstiterunt,
790 3734 854 3790 pro·

61 3820 155 3883 pagata
177 3826 237 3867 esse
258 3809 420 3866 eredendum
439 3809 473 3864 sit
486 3808 607 3879 quedam
628 3819 779 3865 monstrosa
802 3809 853 3865 ho·

60 3903 163 3959 minum
176 3918 290 3974 genera,
307 3917 365 3974 qnae
386 3900 504 3971 gentium
525 3908 616 3954 narrat
637 3898 747 3954 historia
762 3918 768 3955 :
784 3901 855 3958 sicut

60 3993 234 4067 perhibentur
253 3992 360 4064 quidam
383 4007 464 4046 ιιιιιιιιι
487 3989 587 4046 babere
601 3989 708 4045 oculum
722 3990 748 4045 ιιι
768 3989 854 4049 lronte

60 4087 148 4145 media
165 4106 172 4142 ι
188 4086 347 4158 quibusdam
367 4085 472 4156 plantas
483 4092 575 4139 uersas
597 4098 657 4140 esse
670 4095 731 4156 post
750 4100 851 4143 crura:

61 4179 219 4252 quibusdam
233 4179 370 4248 utriusque
382 4191 462 4232 sexus
474 4191 534 4232 esse
546 4184 679 4243 naturam,
693 4186 720 4232 et
732 4176 853 4233 dextram
872 4212 875 4219 ·

59 4287 204 4329 mammam
220 4271 339 4337 uirilem,
353 4270 490 4325 sinistram
506 4267 684 4337 muliebrem,
699 4270 854 4344 vicibusque

59 4362 170 4420 alternis
185 4361 305 4419 coeundo
319 4362 326 4393 ¹
340 4372 366 4416 et
378 4361 488 4433 gignere
498 4368 526 4414 et
538 4375 632 4430 parere
646 4379 653 4416 ι
666 4360 726 4418 aliis
740 4375 787 4416 ora
800 4378 852 4419 nort

60 4471 131 4526 esse,
146 4470 247 4528 cosque
258 4469 308 4526 per
323 4468 403 4508 nares
418 4451 603 4508 tantummodo
623 4451 728 4508 halitu·
741 4454 829 4511 virere
843 4475 851 4513 ε

58 4548 126 4604 alios
139 4555 240 4604 statura
248 4561 309 4603 esse
320 4544 459 4612 cubitales,
469 4558 537 4616 quos
545 4545 683 4617 Pygmaeos
694 4545 754 4619 (lla
764 4547 854 4605 cubito

60 4639 147 4697 Graeci
162 4647 259 4695 rocant
275 4656 282 4694 :
299 4637 361 4693 alibi
376 4637 560 4708 quinquennes
573 4637 714 4707 concipere
724 4636 851 4709 seminas,

59 4740 87 4787 et
100 4742 222 4787 octauum
236 4730 298 4785 vitae
320 4743 419 4784 annum
440 4742 493 4783 aon
516 4727 657 4784 excedere.
678 4727 744 4784 ltem
765 4729 854 4787 lemnt

60 4837 120 4878 csse
134 4832 262 4894 gentem,
277 4821 323 4878 ubi
346 4820 449 4893 singulo
469 4835 547 4876 crura
563 4821 589 4875 in
609 4820 720 4891 pedibus
737 4821 851 4891 habent,

62 4931 112 4972 nec
125 4915 251 4986 poplitem
271 4913 398 4980 flectunt,
414 4922 441 4970 et
458 4919 521 4968 sunt
545 4910 674 4968 mirabilis
690 4913 852 4984 celeritatis;

57 5025 125 5080 qnos
134 5006 280 5078 Sciapodas
288 5005 323 5079 (c)
332 5003 518 5076 vocant,quod
526 5020 575 5076 per
586 5013 680 5060 aestum
694 5005 733 5060 int
742 5021 802 5061 erra
812 5005 854 5076 ja·

59 5110 154 5154 rentes
167 5098 287 5170 resupini
301 5098 394 5154 umbra
405 5112 434 5153 se
445 5096 541 5167 pedum
557 5103 696 5168 protegant
706 5111 714 5149 :
724 5095 852 5166 quosdam

61 5191 230 5248 sinecerricc
244 5189 338 5245 ocrrlos
359 5187 488 5244 hahentes
507 5186 532 5242 in
549 5186 688 5243 humeris:
711 5196 739 5241 et
757 5195 854 5245 caetera

59 5282 209 5349 leontinum,
224 5280 265 5335 rel
281 5281 356 5350 quasi
370 5279 509 5335 bominum
521 5292 638 5349 genera,
654 5292 715 5349 quor
729 5277 756 5332 in
770 5277 852 5333 mari·

90 5416 180 5478 ¹ttss,
192 5413 328 5479 uicibupoe
338 5410 560 5465 iateraecocrardo.

91 5481 102 5511 ¹
117 5453 184 5537 ιιιιῖ,
199 5486 306 5541 pampro
316 5473 523 5528 armentalem
537 5473 623 5538 verba,
634 5465 863 5542 carceream

57 5554 95 5603 ao,
105 5543 194 5593 ιιιιιιιιι
203 5553 218 5590 a
230 5547 282 5590 ress

91 5605 128 5670 (a)
143 5607 180 5656 sie
190 5607 264 5654 ettam
275 5598 430 5651 ambroelus
422 5611 448 5648 ιιι
458 5595 578 5648 psalmom
587 5611 636 5660 ιιι,
648 5605 675 5652 et
684 5597 816 5652 melanus
824 5595 854 5650 ll·

59 5664 453 5734 brosecuudoinoeuesimtp.
464 5660 489 5710 7
473 5664 630 5772 ιι1.(ἑοιιυιιιιι

90 5727 127 5855 ξι)
144 5729 246 5792 rpgoraer
254 5727 325 5787 dicu
353 5717 544 5776 mammete.

102 5794 127 5854 c)
142 5788 307 5856 sciopodar,q
375 5781 541 5848 omhtpcdas

683 297 784 358 uteett
805 297 955 357 uncinos
972 299 1112 361 SEXTUS.

1650 312 1704 372 ιω

919 415 982 470 tima
998 416 1084 484 platea
1097 413 1265 489 Carthaginis
1282 419 1386 476 musiro
1399 421 1468 492 picta
1484 433 1563 491 sunt,
1576 440 1609 481 er
1628 427 1704 486 libris

914 508 1069 579 «inprompto
1093 509 1167 565 uelut
1191 511 1345 568 curiosioris
1368 513 1496 570 pistorie.
1521 512 1589 586 Quid
1614 518 1701 579 dicam

914 597 1147 670 ilcilyuocephalis
1158 601 1196 673 (o)
1207 617 1336 673 ,quorum
1346 605 1535 676 caninacapita
1548 616 1628 679 atque
1643 609 1699 680 ipss

914 690 1024 747 latratus
1038 693 1120 764 magis
1135 695 1235 751 bestias
1248 710 1327 766 quam
1343 695 1465 754 homines
1477 701 1637 758 conliteturl
1650 687 1702 761 Sed

913 785 1002 837 omnia
1020 800 1116 855 genera
1131 786 1267 843 hominum
1287 805 1346 860 quse
1362 791 1485 847 dicuntur
1497 809 1575 857 esse,
1591 797 1702 854 credere

914 891 966 929 ttutt
989 887 1028 931 est
1047 893 1167 934 neccsse.
1196 879 1294 936 Verum
1317 882 1437 951 quisquis
1458 885 1559 952 uspiam
1585 890 1704 943 nascitur
1744 920 1748 927 ·

914 968 1011 1032 bomo,
1028 967 1053 1021 id
1077 978 1118 1023 est
1139 970 1238 1025 animal
1257 971 1386 1028 rationale
1412 975 1540 1040 mortale,
1557 978 1704 1045 quamlibet

913 1058 1013 1111 nostris
1027 1058 1179 1114 inusitatam
1200 1062 1322 1116 sensibus
1336 1072 1410 1132 gerat
1430 1066 1551 1134 corporis
1574 1063 1713 1134 lormarn,

912 1165 959 1204 seu
974 1151 1106 1217 colorem,
1121 1153 1179 1207 sire
1192 1161 1309 1218 matum,
1324 1153 1380 1209 sire
1397 1169 1502 1218 sonum,
1516 1157 1703 1227 sireqoattbet

911 1242 935 1292 ti
940 1241 1079 1309 ,rpralibet
1099 1252 1182 1310 parte,
1197 1242 1315 1312 qnalibet
1331 1244 1458 1314 qualitate
1475 1255 1593 1312 naturm,
1607 1263 1639 1302 ex
1654 1249 1701 1304 illo

912 1349 965 1388 uuo
981 1335 1144 1405 protoplasto
1156 1337 1286 1406 originem
1299 1336 1408 1403 ducere,
1421 1338 1508 1393 nullus
1522 1338 1637 1394 lldeliom
1649 1342 1699 1395 du-

910 1425 1045 1482 bitauerit,
1060 1429 1177 1498 Apparet
1192 1438 1280 1483 tamen
1294 1429 1356 1499 quid
1372 1430 1397 1483 in
1412 1429 1531 1498 pluribus
1544 1432 1637 1486 natura
1649 1434 1700 1487 ob·

912 1519 1031 1586 tinuerit,
1044 1528 1070 1573 et
1081 1520 1144 1590 quid
1155 1521 1188 1574 sit
1202 1519 1259 1589 ipsa
1271 1520 1379 1575 raritate
1393 1521 1524 1577 mirabile.

945 1609 972 1662 Ξ.
993 1610 1083 1678 Qualis
1096 1621 1185 1665 aretem
1199 1611 1266 1665 ratio
1280 1611 1401 1666 redditur
1415 1611 1448 1666 dc
1462 1614 1619 1668 nronstrnsis
1630 1613 1701 1684 apud
1730 1606 1731 1609 ¹

911 1715 961 1754 nos
974 1700 1110 1755 hominurn
1132 1702 1267 1771 partubus,
1285 1702 1345 1757 talis
1365 1702 1399 1757 dc
1417 1705 1576 1758 monstrosis
1590 1705 1699 1774 quibus·

909 1790 970 1845 darn
992 1793 1115 1862 gentibus
1139 1792 1214 1848 reddi
1241 1802 1338 1862 potest.
1353 1792 1425 1849 licus
1438 1795 1508 1848 euim
1535 1805 1640 1850 creator
1659 1806 1701 1853 est

909 1884 1040 1948 omnium,
1057 1886 1101 1956 qui
1116 1885 1160 1939 ubi
1175 1894 1203 1941 ct
1217 1885 1323 1955 quando
1335 1887 1421 1941 creari
1440 1886 1503 1956 quid
1526 1897 1647 1958 oporteat
1659 1890 1699 1961 rel

909 1979 1067 2046 oportuerit,
1084 1979 1140 2048 ipse
1156 1980 1237 2045 renuit,
1253 1980 1341 2034 sciens
1355 1981 1536 2036 trnircrsitatis
1550 1981 1699 2050 pulchritu-

910 2086 971 2125 nem
984 2087 1094 2140 quarum
1109 2073 1222 2141 partium
1239 2073 1279 2127 rol
1295 2072 1467 2128 similitudine
1482 2073 1525 2128 rel
1542 2073 1707 2132 diversitate·
1752 2111 1753 2116 κ

908 2170 1042 2218 eorrtoxat.
1067 2164 1118 2218 Sed
1144 2164 1189 2234 qui
1211 2173 1294 2218 toturn
1310 2163 1441 2232 inspicere
1455 2180 1507 2219 nou
1522 2175 1619 2234 potest,
1640 2175 1700 2220 tan-

908 2270 986 2322 quarn
1000 2253 1168 2310 deformitate
1180 2255 1261 2325 partis
1271 2255 1426 2321 ollerrditur;
1439 2256 1564 2325 quoniam
1578 2256 1620 2312 cui
1635 2271 1699 2316 con·

907 2355 997 2415 gruat,
1012 2355 1039 2401 et
1060 2361 1112 2416 quo
1127 2346 1265 2410 celeratur,
1282 2346 1394 2416 ignorat.
1410 2347 1535 2402 Pluribus
1548 2363 1627 2419 quam
1641 2348 1699 2418 qui·

908 2440 950 2493 nis
960 2439 1049 2510 digitis
1064 2441 1091 2495 in
1113 2441 1234 2495 nranibus
1247 2449 1275 2496 et
1290 2440 1400 2509 pedihus
1419 2441 1491 2497 nasei
1506 2440 1637 2508 homines,
1649 2457 1699 2496 no-

907 2531 994 2585 rimus
1011 2547 1019 2598 ;
1040 2540 1068 2587 et
1081 2533 1139 2587 haec
1160 2533 1243 2586 lerior
1255 2539 1297 2586 est
1310 2548 1388 2602 quam
1402 2532 1446 2587 illa
1467 2534 1592 2588 distantia
1607 2535 1616 2566 ¹
1629 2551 1635 2589 :
1650 2534 1699 2590 sed

908 2630 997 2676 tamen
1010 2623 1080 2677 absit
1100 2630 1129 2677 ut
1147 2623 1262 2693 quisita
1276 2623 1399 2693 desipiat,
1414 2635 1443 2678 ut
1460 2624 1595 2680 existimet
1611 2626 1636 2681 iu
1650 2641 1699 2680 no·

907 2728 982 2767 atero
991 2713 1166 2768 humanorum
1180 2713 1321 2785 digitorum
1332 2730 1435 2769 errasse
1443 2714 1699 2785 Creatorernquam·

907 2803 946 2857 ris
959 2805 1080 2857 nesciens
1093 2818 1141 2857 cur
1154 2802 1205 2860 hoc
1215 2802 1320 2859 lecerit.
1338 2804 1373 2858 lta
1386 2805 1437 2859 etsi
1459 2806 1544 2874 maJor
1555 2805 1697 2863 diversitas

906 2894 1017 2960 oriatur,
1029 2897 1081 2949 scil
1093 2895 1138 2950 itte
1152 2895 1214 2965 quid
1226 2895 1320 2965 egerit,
1343 2895 1426 2964 crepes·
1436 2911 1517 2964 opera
1531 2897 1602 2961 inste
1616 2912 1697 2952 tremo

907 2983 1089 3054 reprehendit.
1115 2983 1192 3052 Apud
1221 2984 1570 3055 llipponenr·lliarrlrytum
1593 2984 1631 3056 (b)
1655 2996 1698 3041 est

907 3075 987 3129 bomo
1007 3076 1082 3146 quasi
1106 3075 1209 3130 lunatas
1226 3074 1327 3129 habens
1346 3075 1460 3145 plantas,
1476 3085 1504 3130 et
1519 3076 1545 3129 in
1560 3077 1600 3130 eis
1619 3076 1697 3132 binos

907 3165 1090 3220 tantummodo
1102 3165 1209 3235 digitos,
1224 3166 1326 3220 siurilcs
1337 3174 1365 3220 et
1375 3180 1477 3219 marrus.
1493 3166 1520 3220 Si
1532 3165 1619 3236 aliqua
1629 3181 1697 3237 gens

907 3255 966 3310 talis
980 3263 1062 3323 essct,
1080 3254 1117 3310 illi
1131 3256 1244 3311 curiose
1258 3264 1338 3326 atque
1360 3255 1473 3311 mirabili
1494 3258 1638 3312 adderetur
1657 3257 1699 3315 hi-

906 3348 1006 3403 storin.
1022 3346 1090 3402 Num
1106 3347 1185 3418 igitur
1200 3347 1279 3402 istum
1296 3355 1406 3418 propter
1424 3347 1475 3403 hoc
1494 3349 1650 3418 negabimus
1663 3364 1698 3406 ex

905 3457 960 3497 uno
982 3440 1038 3509 illo,
1052 3441 1097 3512 qui
1112 3442 1214 3511 primus
1226 3450 1333 3495 creatus
1347 3449 1398 3506 est,
1415 3455 1476 3495 esse
1497 3440 1696 3512 propagatum?

905 3533 1072 3606 androgyni,
1097 3533 1261 3604 quosetiam
1279 3531 1517 3601 Hermaphroditus
1531 3542 1696 3603 nuncupant,

905 3624 1026 3695 queraris
1047 3623 1190 3679 adarodum
1212 3622 1266 3678 rari
1286 3622 1349 3687 sint,
1363 3621 1471 3677 dilllcile
1491 3631 1533 3677 est
1557 3631 1646 3678 maren
1668 3630 1699 3679 ut

906 3715 1071 3786 temporibus
1085 3714 1184 3781 desint,
1207 3713 1233 3769 ιιι
1254 3713 1349 3785 quibus
1368 3713 1407 3768 sie
1419 3723 1531 3784 uterque
1554 3729 1634 3769 sexus
1646 3729 1698 3786 ap·

905 3817 992 3877 paret,
1006 3815 1035 3863 ut
1049 3822 1081 3863 ex
1096 3821 1150 3878 quo
1167 3805 1255 3876 potius
1266 3804 1382 3862 debeant
1400 3805 1521 3875 accipere
1534 3821 1643 3875 nornen,
1656 3807 1698 3863 lu·

905 3910 1007 3956 eertum
1026 3900 1082 3955 sit:
1097 3915 1113 3955 a
1133 3899 1247 3955 meliore
1265 3907 1365 3961 tamen,
1380 3897 1432 3953 boc
1445 3907 1487 3954 est
1507 3913 1522 3952 a
1538 3900 1696 3965 masculino,

905 4001 935 4048 ut
946 3991 1157 4064 appellarentur,
1167 3989 1293 4063 loquendi
1303 3990 1469 4046 consuetudo
1481 3989 1696 4060 praevaluitllatn

905 4099 985 4141 nemo
1000 4099 1117 4156 uuquam
1140 4082 1376 4155 androgynaecas·
1399 4089 1446 4136 aut
1460 4079 1698 4152 hermaphroditat

905 4175 1077 4247 nuncuparit.
1091 4177 1161 4230 hate
1173 4188 1260 4230 annos
1278 4173 1390 4244 aliquot,
1405 4181 1496 4228 nostra
1512 4180 1586 4228 certe
1595 4187 1698 4229 metuo·

905 4271 956 4337 ria,
977 4271 1003 4324 in
1018 4268 1128 4324 Oriente
1142 4267 1242 4337 duplex
1263 4265 1344 4321 bomo
1358 4273 1436 4320 natus
1454 4275 1492 4320 est
1514 4266 1699 4335 superioribus

905 4359 1042 4424 membris,
1053 4358 1224 4414 infertoribus
1239 4356 1352 4428 simplex
1373 4373 1380 4410 :
1397 4371 1458 4411 narn
1473 4355 1526 4413 duo
1538 4365 1615 4412 erant
1626 4354 1698 4428 capt

905 4463 941 4518 ta,
957 4453 1010 4508 duo
1025 4461 1143 4523 pectora,
1159 4459 1273 4522 quatuor
1288 4463 1395 4514 mantes:
1410 4459 1603 4505 renterauteur
1616 4462 1696 4516 ortos,

904 4544 1024 4615 etpedes
1038 4542 1101 4607 duo,
1119 4541 1189 4598 sicut
1208 4542 1253 4596 utri
1269 4540 1390 4606 bomini;
1406 4550 1498 4596 ettam
1519 4541 1564 4596 diu
1579 4541 1652 4607 vixit,
1669 4549 1698 4597 ιιι

904 4637 1003 4694 multos
1016 4635 1048 4691 ad
1061 4650 1123 4692 eum
1137 4633 1280 4690 ridendum
1291 4631 1360 4688 lama
1377 4632 1557 4688 contraheret.
1572 4631 1638 4701 Quis
1648 4647 1698 4687 au«

905 4740 958 4786 tem
973 4742 1066 4784 omnes
1076 4740 1288 4782 commemorare
1298 4725 1384 4796 possit
1398 4723 1529 4779 humanos
1541 4724 1610 4779 letus
1619 4723 1712 4795 longe*

904 4821 1050 4878 dissimiles
1070 4820 1113 4876 bis
1123 4835 1158 4876 ex
1172 4820 1268 4890 quibus
1288 4833 1336 4874 eos
1349 4827 1426 4873 natos
1441 4830 1501 4874 esse
1516 4817 1697 4876 certissimum

904 4915 962 4971 esti
976 4914 1051 4972 Sicut
1064 4927 1130 4985 ergo
1144 4911 1202 4966 bac
1220 4926 1252 4967 ex
1269 4910 1315 4964 illo
1327 4923 1381 4964 uno
1395 4908 1486 4978 negari
1512 4923 1566 4963 noa
1585 4916 1697 4978 pessunt
1711 4923 1714 4929 ’

904 5009 1031 5079 originem
1046 5005 1160 5066 ducere:
1173 5004 1209 5059 ita
1224 5016 1396 5073 quaecumque
1404 5009 1497 5073 gentes
1509 5000 1535 5055 in
1548 4999 1688 5057 diversitas

904 5101 975 5158 tibus
985 5111 1126 5169 corporum
1136 5096 1170 5151 ah
1182 5095 1278 5149 usitato
1289 5103 1390 5149 nature
1399 5106 1490 5152 ouran,
1502 5091 1683 5162 quamplures

904 5201 931 5250 et
945 5206 1027 5263 prope
1039 5203 1134 5246 omncs
1147 5196 1245 5250 tenent,
1266 5184 1337 5240 reiut
1355 5182 1520 5240 exorbitasse
1532 5182 1685 5266 traduntur

936 5342 1059 5405 ¹rtertqu
1060 5347 1148 5392 ettss.
1170 5351 1243 5402 prora
1260 5336 1312 5388 ulla
1331 5335 1455 5388 dicatio.
1705 5358 1708 5369 .

936 5404 1025 5454 ’vind
1038 5412 1098 5452 ιιι·
1096 5351 1263 5476 ΙΑπιῖιιιριιιιιι.
1273 5406 1311 5449 rr.
1325 5397 1517 5462 etallquotttss.
1530 5397 1696 5462 mdroppnoa.

935 5467 961 5591 qo
946 5461 1469 5530 otpnocephaltdictl,quasioaoldtdtes

904 5521 1697 5651 alsrtltfflltltrlhhtfflrdllshltm

904 5664 969 5703 urtuc
977 5649 1026 5702 dict
1042 5648 1159 5702 creditrtr.
1170 5654 1220 5699 nou
1230 5645 1311 5711 haim,
1321 5645 1491 5698 mundonem
1507 5643 1713 5706 atrectare..

903 5711 1061 5828 πτειν
1081 5710 1205 5775 anon
1222 5655 1709 5773 immurmurantem

1145 5793 1160 5827 1
