3900 6390
66 412 141 466 qourn
155 394 277 450 babitaret
293 396 320 450 in
332 392 429 451 Clrorru
442 394 508 466 (Act.
525 409 569 459 mr,
584 391 632 465 Ul
643 391 695 447 Sed
707 392 856 461 intelligen-

67 490 129 544 dum
150 499 203 551 est,
219 496 289 557 quod
307 491 401 542 eodem
415 501 485 539 anno
498 484 567 539 iacta
580 484 633 538 sint
648 484 747 549 onmia,
762 491 789 536 ct
810 482 856 535 Uei

68 579 209 651 promissio
227 588 370 647 aratequam
391 577 418 631 in
437 577 536 632 Charra
560 574 689 628 babitaret
709 573 855 637 Abrabam,

68 680 96 726 et
109 671 135 725 in
154 667 255 724 (lbarra
278 669 404 723 habitatio
416 668 485 738 ejus,
508 677 535 721 ct
556 665 618 721 inde
638 665 768 736 prolectio
782 682 788 718 :
803 679 856 719 non

69 761 156 816 solum
179 758 241 828 quia
271 758 401 813 Eusebius
425 758 452 811 in
475 756 613 812 chronicis
636 756 670 810 ab
690 770 761 810 antro
779 754 858 824 liujus

69 850 253 920 promissionis
263 858 401 919 computat
412 857 440 902 et
454 847 570 903 ostendit
580 856 640 916 post
651 847 858 917 quadringentos

69 951 97 997 et
112 941 218 1011 triginta
233 940 427 995 annosexitum
441 940 544 994 essedo
555 937 681 1011 aEgypto,
697 938 803 1008 quando
817 939 857 992 lex

71 1036 130 1090 lata
142 1043 199 1093 est:
212 1033 394 1088 verumetiam
407 1033 467 1103 quia
481 1031 506 1085 id
519 1041 711 1087 corrnrremorat
723 1031 860 1100 apostolus

73 1125 169 1181 Paulus
182 1122 279 1195 (Galat.
295 1140 334 1187 m,
349 1124 404 1192 iil.

72 1237 182 1294 CAPUT
203 1236 283 1293 xltt.
301 1236 392 1291 -De
412 1238 491 1291 tribus
515 1236 728 1291 excellerboriins
751 1237 861 1306 gentiam

107 1331 200 1401 regnis,
213 1347 320 1402 qnorum
338 1348 426 1398 nonna,
440 1332 467 1384 id
479 1341 516 1386 ert
528 1331 697 1400 Assyriorum,
711 1331 765 1400 ient
777 1328 859 1381 Abro-

108 1422 184 1474 Ιιιιιιιι
198 1421 281 1492 penite
294 1422 425 1476 sublimius
436 1420 568 1476 eminebat.

109 1532 159 1586 l‘er
167 1532 236 1586 idem
249 1541 354 1602 tempos
363 1533 507 1589 eminentia
522 1548 601 1602 regna
611 1534 822 1602 erantgentium,
835 1532 862 1587 in

73 1622 168 1693 quibos
177 1623 368 1693 terrigenarum
377 1624 480 1690 civitas,
492 1623 542 1678 boc
550 1633 590 1678 est
600 1625 712 1678 societas
724 1623 861 1676 bominum

73 1715 219 1771 secundum
232 1715 365 1770 bominem
381 1717 534 1780 virentium,
550 1717 599 1770 sub
609 1715 745 1770 dominnm
760 1716 863 1784 angelo·

74 1821 132 1861 rann
146 1805 311 1861 desertorum
325 1807 452 1877 insignius
465 1806 628 1871 excellebat;
644 1821 725 1874 regna
740 1805 864 1860 videlicet

75 1897 136 1963 tria,
148 1896 342 1968 Sicyoniorum,
354 1898 550 1968 AEgyptiorum,
564 1897 742 1968 Assyriorum.
751 1895 802 1951 Sed
814 1899 864 1950 ds·

74 1985 865 2060 syriorumrnultoeratpotentiusatqtresublimius.Namrex

75 2078 208 2133 illeNinus
218 2078 270 2132 ltett
278 2078 356 2143 lilius,
363 2088 472 2147 excepta
481 2077 563 2142 ludia,
574 2077 702 2132 universae
708 2077 778 2131 Asiae
785 2090 866 2146 popu·

76 2169 116 2224 los
129 2169 327 2240 subjugaverat.
339 2170 428 2223 Asiam
440 2184 512 2224 nttnc
526 2168 596 2234 dico,
611 2184 662 2223 noo
677 2168 748 2222 illam
763 2177 864 2238 partem

76 2275 136 2329 quo
150 2259 229 2328 bajus
241 2260 350 2328 majoris
370 2261 440 2315 lisia
453 2274 505 2314 urta
519 2261 655 2329 provincia
673 2268 724 2324 est,
744 2259 792 2313 sed
806 2273 865 2314 carn

77 2368 136 2422 que
148 2352 273 2407 urtinersa
285 2353 347 2407 Asia
367 2361 543 2422 truncupatur,
563 2367 642 2421 quam
656 2350 761 2420 quidam
777 2351 801 2405 in
824 2351 864 2404 al·

78 2452 134 2498 tera
149 2443 273 2510 duarutn,
294 2443 414 2514 plerique
435 2454 525 2498 autem
549 2443 576 2497 iu
597 2443 674 2497 tertia
693 2443 773 2496 totius
793 2442 866 2496 orbis

78 2544 152 2605 parte
174 2544 328 2605 posuerunt,
353 2544 381 2590 ut
406 2535 459 2589 sint
481 2550 584 2599 omncs,
598 2535 672 2598 Asia,
702 2534 818 2604 Europa,
840 2541 867 2587 et

78 2626 190 2682 birico:
213 2626 283 2696 quod
304 2641 358 2681 non
377 2626 472 2696 aquati
485 2626 614 2681 diuisione
634 2624 763 2682 lecerunt.
788 2624 867 2679 Nam·

78 2734 130 2788 que
144 2719 192 2772 ista
207 2733 265 2788 quaa
279 2718 340 2771 beia
363 2727 538 2787 rrutreupatur,
554 2735 569 2770 a
591 2716 700 2772 rireridic
714 2732 760 2786 pcr
779 2717 867 2771 orien·

79 2816 133 2862 tem
146 2823 229 2877 usque
250 2807 283 2861 ad
298 2807 506 2877 septentrionem
522 2807 642 2876 pervenit
657 2822 664 2858 t
681 2806 786 2875 Europa
802 2822 867 2860 reru

79 2913 94 2951 a
116 2899 300 2968 septentrione
325 2914 409 2968 usquc
435 2897 468 2953 ad
491 2897 674 2962 occidentem3
703 2905 782 2966 atque
805 2896 867 2952 iudc

80 2988 168 3043 birica
178 2989 212 3043 ab
226 2989 364 3044 occidente
379 2989 509 3060 usquead
523 2989 671 3044 meridiem.
687 2988 760 3044 Unde
773 2988 866 3043 riden-

81 3089 126 3134 tur
140 3081 230 3135 orbern
243 3081 382 3136 dimidium
403 3082 463 3136 duae
483 3091 585 3144 tencre.
599 3082 705 3153 Europa
720 3094 747 3138 et
767 3082 867 3149 tllrica,

80 3171 161 3226 aliunt
174 3188 238 3227 rero
255 3173 394 3228 dimidium
412 3174 468 3229 sola
490 3175 563 3228 Asia.
587 3173 639 3229 Sed
663 3174 723 3229 idec
739 3175 790 3229 illae
808 3174 867 3229 duae

81 3269 170 3332 partes
189 3262 265 3318 iactu
284 3272 355 3328 sunt,
380 3265 441 3334 quia
461 3265 531 3319 inter
546 3272 685 3335 utramque
705 3266 738 3319 ab
762 3266 868 3322 Oceano

81 3351 226 3423 ingreditur
242 3352 368 3424 quidquid
381 3369 509 3424 aquarum
527 3363 611 3409 terras
633 3354 762 3420 interluit,
778 3365 804 3411 et
818 3355 868 3411 boc

80 3456 155 3498 utare
176 3458 300 3513 magnum
325 3445 400 3498 nobis
413 3444 494 3499 flacit.
516 3444 684 3515 Quapropter
707 3447 729 3500 si
750 3446 776 3499 in
801 3446 867 3502 duas

81 3545 170 3604 partes
187 3534 278 3589 orbem
305 3534 418 3601 dividas,
441 3535 556 3591 Orientis
578 3535 782 3603 etUccidentis,
805 3538 867 3592 Asia

80 3630 132 3685 erit
144 3629 170 3684 in
186 3646 250 3696 una,
266 3630 292 3685 in
307 3630 388 3684 altera
403 3645 468 3685 vero
480 3629 587 3700 Europa
610 3638 637 3685 ct
653 3629 751 3685 sirica.
767 3630 867 3698 Quaru-

80 3721 172 3775 obrem
196 3722 276 3775 trium
298 3721 467 3792 regnorum¹,
495 3737 554 3791 quaa
581 3731 643 3776 tuuc
669 3721 866 3790 procedebant,

80 3812 180 3866 scilicet
193 3811 376 3883 Sicyoniorum
400 3826 451 3865 tion
472 3818 531 3866 erat
549 3810 598 3866 sub
613 3812 740 3883 Assyriis,
759 3813 819 3882 quia
840 3813 867 3869 in

81 3901 187 3971 Europa
206 3912 268 3958 sunt
281 3920 288 3956 ι
302 3901 487 3974 AEgyptiorum
508 3913 597 3957 autem
610 3902 743 3973 quomodo
761 3905 800 3958 eis
814 3917 866 3958 non

81 3993 242 4064 subjacebat,
257 3995 377 4064 aquibus
392 4003 447 4049 tota
460 3995 522 4049 Asia
536 3993 684 4061 tenebatur,
704 3995 768 4050 solis
785 3995 866 4062 ludis,

81 4092 110 4137 ut
122 4083 283 4154 perhibetur,
294 4084 430 4154 exceptis?
440 4084 467 4139 ln
478 4085 585 4155 Assyria
600 4085 679 4155 igitur
691 4085 868 4155 praevaluerat

81 4174 230 4229 dominatus
244 4175 331 4244 impiae
348 4175 482 4230 civitatis:
500 4175 579 4244 bujus
593 4185 672 4244 caput
685 4184 745 4232 erat
760 4177 803 4230 illa
818 4177 867 4231 Ba-

81 4265 173 4337 bylon,
191 4265 266 4334 cuius
288 4266 428 4336 terrigenae
449 4266 564 4322 civitatis
584 4281 680 4322 nomen
700 4268 866 4336 aptissimum

81 4363 132 4422 est,
152 4355 178 4411 id
203 4366 244 4411 est
261 4355 397 4411 Cottiusio.
420 4357 457 4411 lbi
472 4357 528 4427 jam
552 4357 636 4412 Ninus
660 4359 787 4429 regnabat
807 4367 867 4428 post

81 4456 195 4503 rnortem
208 4449 290 4517 patris
313 4449 353 4503 sui
374 4448 441 4515 Beli,
455 4449 500 4518 qui
515 4449 615 4518 primus
634 4449 688 4503 illic
712 4457 868 4519 regnaverat

81 4538 216 4607 sexaginta
230 4540 346 4609 quinque
360 4552 454 4593 auritos.
468 4538 551 4593 Filius
568 4551 632 4593 vero
645 4538 702 4609 ejus
716 4538 806 4604 Ninus,
822 4539 867 4609 qui

81 4628 205 4684 deiuncto
215 4630 282 4699 patri
292 4629 420 4684 successit
430 4629 456 4683 in
471 4644 590 4700 regnum,
605 4630 791 4700 quinquaginta
801 4630 867 4687 duos

81 4720 302 4791 regnavitannos,
316 4728 343 4775 et
353 4719 466 4775 babebat
479 4721 504 4774 in
517 4735 599 4790 regno
611 4720 784 4791 quadruplata
800 4729 865 4786 tres,

81 4810 187 4880 quaudo
208 4820 286 4865 natus
305 4820 347 4867 est
366 4811 510 4878 Abrabam,
530 4811 646 4881 quierat
665 4825 750 4867 anntts
762 4812 867 4866 circiter

82 4902 238 4958 millesimus
263 4903 463 4960 ducentesimus
489 4914 551 4960 ante
576 4904 708 4959 conditam
736 4904 865 4971 lienium,

81 4994 161 5048 reluti
180 4994 292 5050 alteram
310 4995 337 5050 in
350 4996 492 5052 Occidente
509 4995 690 5068 Babyloniam.

80 5104 194 5163 CAPUT
212 5106 304 5163 xltlt.
317 5137 354 5150 ..
364 5106 404 5163 De
415 5110 502 5163 iterato
511 5109 620 5180 olioqnio
632 5107 678 5162 Dei
688 5109 721 5161 nd
729 5106 865 5174 Abrabam,

133 5214 182 5268 quo
196 5198 254 5252 ciet
265 5199 354 5253 aeunni
366 5200 420 5270 ejus
433 5199 555 5255 Cbununn
569 5211 634 5254 terro
650 5200 812 5270 pronritlitnr.

116 5312 247 5383 Egressus
268 5327 331 5380 ergo
349 5313 483 5368 Abrabam
502 5315 535 5368 de
549 5313 649 5368 Charra
670 5312 866 5383 septuagesimo

80 5404 174 5472 quinto
188 5418 258 5459 anno
277 5403 364 5458 atatis
378 5419 443 5469 suae,
458 5405 604 5459 centesimo
616 5414 704 5460 autem
719 5404 866 5475 quadrage·

112 5535 122 5567 ²
139 5541 204 5597 lor,
209 5534 263 5598 joun
274 5541 377 5597 tempore
389 5533 515 5584 Abrabam.

112 5599 123 5629 ¹
139 5597 207 5657 rulitt,
218 5597 369 5666 quurnobrent
380 5609 453 5646 uriom
463 5610 490 5647 re
521 5608 591 5648 orion
604 5609 613 5648 .·
626 5597 744 5661 pauloque
753 5609 819 5661 pust,
832 5602 868 5647 re-

81 5658 251 5773 ffimcilngrt
261 5659 432 5724 senonense.
443 5666 488 5709 t'er
525 5672 629 5722 ,orarem
644 5667 682 5721 et,
695 5673 866 5725 requiemnon

676 276 777 334 trono
796 276 944 334 DECIMUS
962 275 1106 334 SEXTUS.

1650 278 1702 334 l¹l8

911 391 980 445 simo
1003 401 1030 446 et
1048 392 1140 461 quinto
1163 391 1245 460 patris
1266 392 1461 458 subcumbet
1482 392 1537 447 lilio
1559 391 1646 447 fratris
1673 403 1701 448 et

909 482 987 538 Sarra
998 484 1111 553 conjuge
1127 485 1241 553 perrexit
1257 485 1282 538 in
1297 480 1395 540 terrant
1409 484 1546 546 Cbanaan,
1562 496 1589 541 et
1603 502 1699 555 perre-

912 577 950 630 nit
973 591 1057 646 usque
1077 576 1111 630 ad
1130 576 1248 642 Sielrent,
1269 577 1314 631 ubi
1338 592 1430 632 rursus
1452 579 1556 648 accepit
1579 577 1698 632 diuinum

911 666 1057 732 oraculum,
1080 666 1112 722 dc
1126 684 1179 736 quo
1196 669 1229 720 ita
1249 670 1375 737 scripturn
1389 677 1430 723 est
1444 687 1452 724 τ
1468 669 1499 722 Et
1513 671 1631 740 apparuit
1645 669 1700 723 llo-

912 759 994 811 nn'nns
1010 757 1128 821 diruite,
1149 768 1171 811 et
1185 759 1249 812 dixit
1273 757 1321 822 illi,
1343 759 1441 814 Semini
1456 768 1499 812 too
1520 759 1584 813 dabo
1607 769 1701 813 terram

913 847 1063 919 burrellina.
1076 864 1121 908 ιιι,
1137 847 1175 920 7).
1191 848 1261 903 llibil
1274 849 1316 904 bic
1325 848 1359 904 de
1373 849 1417 904 illo
1428 850 1530 905 semine
1541 851 1700 918 promissum

912 950 963 1005 est,
979 941 1004 993 iu
1019 955 1071 1010 quo
1083 950 1159 1010 pater
1174 941 1257 995 iarctus
1268 950 1309 997 est
1323 942 1440 996 omniunt
1454 944 1572 1011 gentiunt
1588 941 1654 995 :st-d
1668 941 1704 996 do
1795 942 1801 951 “

913 1029 959 1083 illo
976 1030 1043 1094 solo,
1059 1031 1093 1085 de
1110 1047 1162 1099 qun
1181 1041 1257 1102 pater
1273 1040 1314 1086 cst
1334 1033 1412 1085 unitis
1426 1030 1579 1087 israeliticae
1600 1032 1703 1102 gentis3

914 1121 947 1175 ab
959 1122 1008 1176 boc
1019 1122 1089 1176 enirn
1103 1124 1204 1178 semiue
1220 1132 1289 1177 terra
1303 1124 1347 1178 illa
1361 1138 1483 1193 possessa
1495 1135 1547 1178 est.

914 1231 1026 1288 CAPUT
1041 1232 1159 1288 llttt.-
1181 1233 1220 1289 De
1245 1234 1332 1288 Sarno
1353 1235 1474 1305 pudicitie
1486 1237 1513 1289 in
1522 1234 1638 1308 AEgqpto
1661 1252 1705 1308 per

954 1322 1033 1376 Deum
1047 1326 1188 1389 custodite,
1201 1343 1276 1395 qnorn
1292 1327 1417 1380 Abrulrunt
1437 1342 1487 1381 non
1508 1344 1612 1381 oaorem
1633 1344 1705 1382 stione

952 1428 1005 1468 este
1016 1414 1124 1478 dixerut,
1138 1415 1182 1468 sed
1192 1432 1313 1469 sererent.

954 1527 1053 1582 Ucindc
1063 1527 1193 1582 aedificato
1205 1528 1240 1582 ibi
1255 1528 1342 1593 altari,
1356 1538 1383 1584 et
1397 1529 1519 1585 invocato
1535 1532 1606 1597 lieo,
1620 1531 1705 1586 llbra·

918 1615 978 1671 barn
995 1616 1130 1687 proiectus
1145 1628 1187 1674 cst
1200 1619 1272 1686 inde,
1286 1631 1313 1673 et
1326 1620 1453 1675 habitavit
1470 1621 1495 1674 iu
1511 1636 1613 1691 eremo,
1628 1631 1707 1694 atquc

918 1709 977 1764 inde
991 1710 1029 1765 ire
1040 1711 1066 1764 in
1079 1709 1223 1781 AEgyptum
1237 1712 1313 1767 inritis
1326 1713 1484 1768 necessitate
1493 1715 1646 1784 compulsus
1656 1725 1706 1770 est.

918 1798 966 1854 Ubi
980 1817 1088 1855 uxorem
1102 1816 1177 1855 sumu
1192 1802 1258 1856 dixit
1270 1818 1390 1857 sororem
1406 1801 1482 1875 (Gerr.
1495 1820 1540 1868 ιιι,
1555 1804 1651 1876 7-19),
1668 1808 1705 1860 ni·

919 1891 956 1946 liii
971 1893 1107 1947 mentitus.
1125 1895 1187 1949 Erat
1201 1897 1271 1949 enim
1285 1904 1312 1950 et
1336 1895 1397 1962 boc,
1412 1898 1472 1967 quia
1488 1898 1634 1968 propinqua
1650 1909 1708 1955 erat

918 1986 1064 2055 sanguine:
1079 1987 1148 2040 sicut
1161 1986 1241 2041 etiarn
1253 1986 1302 2042 Lot
1315 1988 1408 2043 eadem
1423 1990 1629 2060 propinquitate,
1644 2005 1710 2046 cum

918 2074 1006 2129 iratris
1023 2076 1080 2145 ejus
1093 2086 1164 2131 essct
1180 2077 1268 2141 lilius,
1289 2078 1370 2133 irater
1383 2079 1441 2150 ejus
1453 2090 1494 2135 cst
1508 2081 1602 2135 dictus.
1620 2081 1708 2152 ltaque

920 2180 1028 2220 uxorem
1045 2167 1144 2233 tacuit,
1159 2183 1211 2221 non
1226 2173 1330 2239 negarit
1342 2209 1349 2232 ,
1361 2171 1480 2241 conjugis
1494 2172 1617 2226 tuendam
1632 2171 1709 2241 pudi-

918 2258 1006 2312 citiam
1020 2259 1188 2314 comruittens
1202 2260 1275 2325 Uen,
1296 2270 1323 2316 ct
1343 2261 1470 2317 lrurnanas
1493 2264 1709 2320 insidiascavens

920 2356 949 2402 ut
964 2350 1042 2402 bomo
1057 2366 1062 2402 :
1077 2351 1200 2420 quoniam
1222 2352 1243 2405 si
1256 2352 1401 2420 periculum
1416 2362 1542 2422 qnantum
1557 2357 1645 2411 caneri
1660 2371 1709 2427 po-

920 2442 997 2500 terat,
1010 2451 1062 2491 non
1073 2447 1189 2502 careret,
1205 2439 1287 2508 magis
1299 2446 1413 2494 tertiaret
1426 2440 1518 2505 Ueum,
1529 2456 1607 2510 quam
1621 2455 1710 2509 spera·

921 2535 961 2580 ret
978 2527 1003 2581 in
1021 2528 1113 2582 Dirum.
1131 2529 1169 2582 Ue
1181 2544 1232 2598 qua
1247 2544 1277 2584 re
1298 2537 1389 2584 contra
1412 2529 1617 2586 calumniantem
1640 2531 1709 2586 l'au·

920 2630 990 2675 stum
1005 2619 1177 2676 blanicbamm
1190 2621 1255 2677 satis
1263 2620 1377 2676 diximus
1391 2620 1458 2693 (Lib.
1467 2622 1513 2688 22,
1524 2623 1646 2694 cupid).
1659 2624 1709 2680 Ue·

921 2710 1000 2780 nique
1013 2709 1110 2764 lactum
1124 2709 1249 2780 estquod
1263 2711 1297 2765 dc
1311 2710 1423 2765 Domino
1436 2712 1606 2783 praesumpsit
1620 2711 1706 2766 Abra·

922 2799 993 2851 trani.
1008 2797 1073 2853 Nam
1084 2799 1188 2854 Pltarao
1200 2815 1248 2854 rex
1269 2798 1389 2871 AEgypti‚
1403 2802 1447 2870 qui
1463 2816 1521 2855 eam
1537 2802 1586 2856 sibi
1600 2817 1711 2857 uxorem

921 2901 1071 2959 acceperat,
1083 2892 1199 2963 grauiter
1210 2891 1324 2948 alllietns
1338 2894 1433 2949 niarito
1446 2893 1561 2949 reddidit
1574 2893 1649 2966 (Gerr.
1661 2910 1714 2962 ιιι,

921 2979 979 3052 20).
996 2981 1045 3036 Ubi
1062 2983 1130 3038 absit
1145 2992 1174 3037 ut
1196 2984 1352 3050 credamus,
1367 2985 1455 3040 alieno
1468 2986 1608 3040 concubitu
1631 2985 1711 3042 larissa

922 3074 1047 3143 pollutam
1063 3091 1069 3126 :
1086 3075 1146 3144 quia
1161 3077 1246 3130 intrito
1257 3084 1298 3130 est
1309 3075 1471 3141 credibilius,
1486 3076 1536 3131 boc
1547 3077 1710 3133 Plraraonem

922 3167 1009 3220 lacere
1023 3165 1210 3222 afflictionibus
1223 3168 1326 3237 magnis
1340 3182 1392 3221 non
1408 3165 1490 3222 luisse
1503 3167 1674 3238 permissum.

921 3276 1034 3334 CAPUT
1048 3276 1107 3333 XX.
1119 3307 1154 3318 -
1164 3276 1204 3333 De
1215 3279 1351 3333 sermione
1367 3278 1413 3332 Lot
1427 3287 1452 3332 rt
1464 3277 1584 3345 Abrabae,
1594 3294 1650 3347 quoe
1660 3277 1711 3333 iilis

1127 3369 1197 3424 soluo
1211 3369 1333 3422 eburitote
1346 3369 1505 3436 contploenit.

957 3483 1075 3539 Reverso
1090 3483 1169 3552 igitur
1183 3482 1317 3538 Abrabam
1330 3497 1364 3537 ex
1376 3481 1494 3552 AEgypto
1503 3482 1529 3536 in
1542 3482 1627 3535 locom
1642 3483 1712 3537 arride

921 3584 1046 3641 venerat,
1061 3583 1124 3629 tuuc
1136 3574 1187 3628 Lot
1202 3573 1290 3628 lratris
1305 3573 1375 3628 tilius
1392 3573 1425 3626 ab
1448 3572 1493 3626 illo
1508 3572 1534 3627 in
1549 3580 1645 3626 terram
1660 3573 1712 3627 So·

920 3665 1072 3732 dommum,
1096 3665 1168 3720 salva
1182 3664 1321 3730 charitate,
1337 3663 1468 3718 discessit.
1493 3663 1592 3718 birites
1613 3663 1712 3733 qnippe

920 3757 982 3813 lacti
996 3765 1086 3822 erant,
1100 3767 1274 3826 pastoresque
1288 3754 1386 3809 multos
1401 3768 1527 3824 pecorum
1542 3753 1640 3808 babere
1654 3767 1712 3808 cre·

920 3858 1023 3919 perant,
1039 3850 1135 3919 quibus
1154 3850 1223 3904 inter
1234 3863 1264 3904 se
1277 3847 1440 3913 rixantibus,
1456 3859 1490 3903 eo
1502 3845 1581 3901 modo
1596 3846 1710 3899 familia·

920 3955 979 3995 rum
993 3954 1101 3995 suarum
1116 3953 1261 4010 pugnacem
1284 3936 1444 3993 discordiam
1458 3938 1617 3992 vitarerunt.
1635 3936 1711 3990 Pote-

920 4039 962 4086 rat
974 4031 1072 4102 qnippe
1087 4031 1168 4097 bitte,
1185 4039 1214 4084 ut
1226 4039 1288 4084 sunt
1300 4027 1435 4093 bumana,
1455 4029 1534 4083 etiam
1556 4027 1625 4083 inter
1640 4028 1711 4096 ipsos

920 4124 1005 4194 aliqua
1019 4124 1077 4178 rixa
1091 4137 1263 4191 consurgere.
1287 4119 1402 4175 Proinde
1424 4119 1475 4173 boc
1496 4118 1594 4172 malurn
1609 4132 1710 4188 praer-

921 4216 1009 4271 ventis
1030 4215 1144 4270 abrabae
1158 4215 1236 4268 rerba
1253 4213 1302 4268 ista
1321 4211 1428 4267 suntad
1449 4211 1519 4266 Lot:
1536 4209 1596 4265 Non
1610 4211 1641 4264 rit
1654 4211 1711 4263 risa

919 4309 984 4362 inter
997 4325 1036 4362 rne
1056 4319 1080 4362 et
1095 4318 1132 4370 te,
1149 4315 1172 4360 et
1192 4307 1381 4377 interponeres
1394 4320 1460 4358 areos
1473 4313 1496 4357 et
1510 4312 1621 4373 pastores
1640 4312 1708 4364 tuot,

919 4405 978 4473 quio
993 4403 1104 4455 nornines
1114 4401 1205 4469 [ratres
1219 4415 1265 4453 nos
1277 4414 1362 4452 surtran
1383 4412 1392 4452 :
1420 4412 1501 4450 nonne
1514 4412 1568 4449 ecce
1580 4403 1631 4448 toto
1643 4404 1710 4446 terro

919 4504 977 4546 onte
993 4501 1016 4546 te
1030 4493 1086 4546 eat?
1099 4491 1204 4545 Discede
1218 4506 1233 4543 o
1252 4506 1292 4543 me
1302 4489 1342 4543 :si
1364 4497 1390 4542 ιιι
1404 4488 1431 4542 in
1449 4488 1595 4547 sinistrant,
1616 4501 1662 4554 epo
1682 4484 1710 4537 in

919 4586 1034 4637 dextrum
1045 4599 1053 4645 ,·
1064 4583 1101 4636 nel
1113 4583 1134 4636 si
1145 4591 1171 4634 to
1186 4584 1211 4635 in
1222 4582 1347 4646 destrunt,
1358 4596 1403 4651 eqo
1413 4580 1438 4631 in
1448 4579 1574 4631 sinistrum
1586 4573 1640 4644 (ld.
1652 4589 1708 4639 xnt,

919 4673 967 4729 liet
979 4674 1019 4742 o).
1032 4672 1097 4727 ilinc
1107 4671 1227 4728 fortassis
1238 4670 1331 4725 ellectu
1341 4670 1459 4725 estinter
1470 4667 1591 4720 immines
1600 4666 1708 4734 pacifica

920 4764 1095 4827 consuetudo,
1108 4772 1135 4817 ut
1147 4762 1253 4833 quando
1261 4771 1425 4817 terrenorum
1434 4758 1532 4827 aliquid
1543 4757 1708 4827 partiendum

919 4865 970 4922 cst,
984 4857 1069 4925 nrajor
1083 4855 1192 4920 dividat,
1205 4855 1292 4909 mittor
1303 4852 1382 4922 eligat
1394 4851 1442 4922 (a).

870 4983 874 4995 ·
919 4965 1032 5022 CAPUT
1047 4965 1117 5020 xxi.
1128 4995 1162 5005 -
1177 4965 1216 5018 De
1228 4967 1299 5018 tertio
1308 4963 1471 5032 prontisrione
1483 4960 1540 5026 Dei,
1557 4976 1606 5031 quo
1616 4969 1708 5015 terrant

955 5058 1076 5111 Cbnnuon
1089 5056 1198 5110 Abrabae
1212 5067 1234 5110 et
1248 5057 1335 5109 serrrlni
1353 5055 1408 5124 ejus
1426 5052 1451 5106 in
1472 5061 1617 5122 perpetuum
1631 5051 1707 5122 polli-

955 5159 1031 5203 cetur.

954 5264 1020 5316 Cum
1034 5275 1096 5330 crgo
1109 5258 1220 5329 digressi
1233 5266 1331 5319 essent,
1345 5255 1541 5325 separatimque
1559 5254 1708 5311 babitarent

921 5353 1052 5407 Abrabam
1065 5361 1092 5405 et
1105 5352 1155 5404 Lot
1168 5347 1511 5404 necessitatesustentandae
1526 5345 1641 5408 larrriliac,
1654 5362 1706 5399 mm

921 5444 1038 5498 funditate
1051 5441 1207 5506 discordiae,
1232 5448 1259 5494 et
1276 5439 1409 5492 Abrabam
1423 5438 1449 5491 in
1472 5449 1542 5492 terra
1560 5437 1704 5494 Cbanaau.

921 5535 971 5591 bot
984 5546 1072 5589 autem
1083 5542 1154 5587 essct
1166 5534 1191 5585 in
1211 5530 1351 5595 Sodomis,
1365 5528 1474 5584 oraculo
1487 5530 1566 5583 tertio
1582 5527 1706 5582 Uominua

953 5721 987 5783 ln)
1001 5719 1056 5770 ride
1064 5727 1159 5780 senec,
1170 5727 1279 5774 racemi.
1292 5720 1452 5770 maerentia.
1465 5720 1488 5774 n,
1500 5718 1578 5772 rnna
