3900 6390
247 304 301 364 gqq
797 289 841 346 ltE
860 283 1020 347 emirati:
1037 287 1105 353 but.
1125 287 1155 344 S.
1167 287 1349 346 lucustam
1834 287 1888 353 bald

252 428 374 486 reguum,
390 413 435 468 ubi
448 425 520 466 mors
533 426 585 465 uon
598 408 658 475 crit,
674 414 831 462 transeatur.
843 404 970 474 Quocirca
980 418 1042 458 curu
1095 401 1220 472 parilium
1232 415 1256 458 ει
1266 405 1347 474 aperti
1361 414 1419 460 ruat
1434 406 1508 473 libri;
1527 415 1551 462 ει
1564 406 1630 463 aliur
1647 407 1711 463 iiber
1721 419 1828 478 apertur
1840 421 1888 477 eat,

248 504 356 560 Cltristo
376 502 542 574 regnantium
563 507 716 555 sanctorum
743 495 832 566 plures
856 495 918 550 anui
941 503 1040 559 erunt,
1093 499 1137 569 qui
1149 507 1186 554 ert
1199 499 1255 553 ritoe
1274 499 1537 573 uniuscujusque(a);
1551 513 1575 556 et
1589 502 1702 574 judicati
1721 512 1781 558 runt
1794 506 1890 559 nrortui

250 610 330 667 quarn
344 593 442 649 vinculi
460 591 559 648 diaboli
580 599 608 647 ει
627 589 756 645 custodiae
770 605 777 642 :
793 588 854 658 quia
870 586 907 642 illi
920 601 980 642 cunr
992 599 1042 640 suo
1094 607 1127 646 εε
1137 591 1199 653 iprir
1210 592 1343 648 remoreris
1358 587 1478 647 librorum
1495 593 1634 650 secuudum
1645 599 1715 666 sactu
1727 612 1776 650 rua
1793 594 1887 668 (Aput.

251 700 314 756 rege
328 684 374 740 ber
386 684 473 750 Pilio,
491 682 546 753 jam
560 682 665 738 diabolo
680 695 732 736 nou
746 680 826 751 ligato
835 679 914 734 etiarn
928 694 976 748 per
987 686 1042 733 tres
1094 699 1139 750 xx,
1157 682 1213 755 te).
1228 683 1324 738 Libros
1343 683 1412 739 dixit
1425 701 1484 742 esse
1504 696 1622 756 apertos,
1636 695 1665 742 et
1687 686 1788 743 librum
1807 704 1814 743 :
1841 690 1889 744 sed

251 775 311 832 illos
320 790 444 831 annosae
454 775 601 838 semissem,
609 773 766 849 regnabunt.
776 771 906 826 Remauet
915 770 1003 840 igitur,
1013 776 1042 823 ει
1094 773 1190 833 librum
1204 776 1352 846 eujusmodi
1376 792 1429 833 non
1450 779 1551 845 tacuit;
1574 780 1619 850 qui
1639 789 1686 848 ert,
1710 781 1812 852 inquit,
1832 784 1891 838 εἰει

250 880 310 922 curn
325 867 457 929 audimus,
469 866 617 923 Sacerdotes
627 866 674 920 Dei
694 874 718 919 et
732 863 825 919 Glarirti
837 862 974 933 regarium
984 878 1042 915 cum
1094 869 1298 942 uniuscuiusque.
1311 871 1380 943 Ergo
1392 872 1429 926 illi
1441 872 1513 938 libri,
1527 887 1595 942 quos
1607 873 1696 942 priore
1712 874 1774 930 loco
1788 877 1888 944 posuit,

250 956 296 1011 illo
310 957 378 1011 atille
392 958 476 1025 armis,
490 967 512 1012 et
522 974 579 1011 cum
593 957 660 1028 finiti
669 957 761 1026 suerint
774 955 843 1009 mille
852 954 923 1021 anai,
934 953 1042 1007 soluetur
1094 961 1257 1034 intelligendi
1270 975 1333 1025 surg
1354 966 1438 1021 sancii
1454 974 1481 1023 ει
1494 976 1597 1023 ueteres
1616 976 1643 1023 er
1657 968 1731 1032 novi,
1747 978 1776 1023 ur
1794 969 1822 1023 in
1838 969 1891 1026 inis

253 1050 642 1116 ratuuardcrustodiaruo;aut
656 1065 708 1103 nau
718 1047 790 1116 regni
802 1045 1040 1115 lrujussanctorum
1093 1054 1280 1117 ostenderetur
1291 1072 1351 1127 qua,
1366 1057 1435 1111 oeus
1452 1056 1509 1113 fieri
1523 1072 1572 1112 sua
1590 1057 1714 1113 mandam
1736 1058 1866 1129 jussisset
1882 1078 1889 1114 :

252 1140 428 1211 intelligamus
436 1156 519 1196 annos
530 1141 601 1196 mille
610 1140 689 1201 liniri,
699 1138 746 1195 sed
754 1135 954 1192 uinculidiaboli
963 1143 1042 1204 atque
1093 1142 1120 1200 in
1136 1146 1181 1201 1110
1191 1157 1279 1204 aurem
1293 1148 1337 1217 qui
1350 1158 1391 1204 esi
1403 1149 1464 1204 γεω
1475 1148 1693 1220 uniuscujusque,
1709 1150 1774 1221 quiri
1792 1152 1889 1207 horum

249 1232 393 1297 custodiam
404 1241 434 1287 ει
444 1247 528 1288 auitos
541 1232 612 1286 mille
628 1272 635 1296 ,
651 1231 676 1285 id
689 1239 746 1293 est,
759 1243 843 1284 aurias
855 1241 947 1282 omnes
959 1239 1039 1291 suos,
1093 1237 1204 1308 quisque
1217 1255 1269 1294 „0n
1284 1240 1399 1307 fecisset,
1411 1242 1467 1298 ,avg
1481 1240 1597 1298 fecisses.
1609 1242 1659 1311 Qui
1675 1244 1746 1301 fiber
1755 1245 1779 1300 ,1
1790 1259 1889 1300 mm.

250 1337 362 1392 qumque
375 1338 435 1393 Pirs
447 1323 543 1378 bilheil
555 1321 667 1377 (liversis
678 1336 710 1376 ³⁰
722 1319 837 1393 Pf⁰l¹riis
848 1316 1041 1388 Pi0l¹¹¹5¹³¹ffl³¹¹s
1093 1326 1154 1383 liter
1163 1329 1303 1400 cogitetur,
1317 1331 1377 1400 quis
1390 1332 1449 1404 eius
1463 1333 1681 1404 magnitudinem,
1696 1345 1747 1390 aut
1767 1337 1889 1407 longitu-

251 1413 393 1479 liniendos,
408 1415 535 1485 ampliore
548 1424 700 1471 sanctorum
709 1427 801 1480 reguo,
810 1409 932 1465 breviore
944 1406 1041 1462 diaboli
1092 1419 1192 1487 dinem,
1208 1423 1295 1478 palear
1304 1423 1458 1481 aesqmmp
1472 1434 1518 1481 aug
1529 1433 1629 1496 quam„
1642 1437 1766 1498 [empore
1780 1428 1836 1498 1035
1848 1445 1890 1497 μ).

250 1505 355 1566 viuculo
371 1524 378 1565 :
393 1515 437 1564 itlll
451 1515 541 1571 celle,
561 1505 686 1576 quonlam
708 1504 786 1558 irlum
809 1514 938 1555 annorum
953 1507 979 1554 el
994 1512 1041 1554 881
1094 1511 1156 1567 tegit
1171 1513 1249 1579 fiber,
1275 1515 1302 1570 jn
1326 1531 1379 1586 quo
1400 1519 1583 1587 scriplaegunq
1604 1519 1738 1574 upivgpsae
1754 1521 1818 1579 εἰη
1833 1522 1889 1576 uni.

251 1597 753 1666 meusiumbrevissimumspntiumest,
770 1591 916 1661 computari
924 1591 1041 1646 noluisse

249 1693 383 1756 credatur,
395 1694 451 1748 sire
461 1691 530 1763 quod
540 1690 736 1744 rninussatanre
744 1683 889 1750 vinculum,
900 1683 956 1738 sire
970 1681 1040 1752 quod

250 1785 363 1855 amplius
380 1783 483 1839 ridetur
497 1797 606 1852 regnum
621 1779 719 1833 lurbere
737 1786 887 1831 sauctorum
903 1793 910 1826 ;
925 1773 994 1830 sicut
1007 1771 1041 1826 de

250 1876 447 1949 quadringentis
458 1874 534 1930 aunis
548 1873 573 1927 in
587 1880 662 1927 serto
674 1869 778 1924 decimo
787 1867 862 1936 liujus
870 1864 958 1935 operis
966 1864 1041 1919 solu·

250 1969 323 2024 mine
331 1968 461 2038 disputavi
474 1969 541 2038 (cap.
550 1965 609 2034 lig
620 1961 744 2032 quoniam
756 1960 814 2030 plus
826 1956 924 2027 ailquid
935 1965 1011 2012 erant
1019 1957 1039 2020 ¹,

250 2067 278 2115 el
291 2067 379 2113 tauron
392 2056 576 2126 quadringenti
591 2062 655 2108 sunt
668 2050 811 2121 nuncupati
826 2065 833 2103 ι
849 2057 876 2104 ει
893 2047 954 2102 talia
970 2060 1041 2117 saepe

249 2151 417 2220 reperiuntur
436 2149 461 2204 iu
477 2147 585 2202 Litteris
603 2148 701 2210 sacris,
716 2143 737 2198 si
751 2142 810 2213 quis
823 2140 952 2196 advertat.

217 2277 219 2281 ’
249 2258 362 2318 carot
381 2258 452 2314 xit.
465 2288 500 2298 —
514 2256 553 2319 ne
571 2255 731 2310 darmmtioae
753 2253 846 2308 diaboli
859 2268 916 2306 rum
930 2251 994 2317 sair,
1016 2260 1041 2305 et

285 2368 331 2423 per
351 2348 585 2422 recapitulationem
605 2347 636 2400 de
649 2345 831 2401 rerurrectione
848 2358 970 2413 corporea
987 2358 1042 2396 om·

286 2445 356 2499 trium
369 2453 534 2509 mortuarum,
557 2452 581 2496 et
596 2440 628 2494 de
635 2439 735 2509 judicio
749 2437 846 2491 ultimas
860 2434 1039 2489 retributionis.

285 2558 349 2613 Post
376 2553 445 2612 banc
472 2563 560 2609 auteur
584 2549 865 2607 commemorationem
890 2545 1041 2603 novissime

250 2646 454 2719 persecutionis,
472 2644 587 2699 breuiter
601 2639 788 2709 complectitur
803 2648 899 2702 totum,
914 2636 985 2707 quod
997 2636 1040 2689 ul·

249 2739 317 2794 timo
323 2737 379 2808 jam
389 2735 490 2806 judicio
500 2733 631 2797 diabolas,
644 2740 742 2785 etcum
753 2744 803 2785 εεε
815 2724 934 2798 principe
948 2726 1041 2783 civitas

250 2829 357 2885 inimica
367 2841 476 2898 passura
491 2835 542 2882 est.
560 2824 628 2879 Dicit
646 2821 738 2878 enirn:
755 2819 787 2875 Et
801 2818 916 2874 diabolus
937 2819 981 2891 qui
998 2833 1040 2874 se·

251 2918 357 2976 aarum
369 2918 514 2985 mamimus
523 2915 593 2972 ertia
605 2923 722 2986 stagnum
735 2913 831 2984 igniret
844 2912 981 2980 talplrurir,
991 2927 1040 2982 qao

249 3011 331 3075 lertio
345 3020 368 3065 ει
380 3009 599 3082 pseudopropheta
606 3023 616 3072 ,·
627 3016 650 3062 ει
659 3007 858 3060 cruciabuntur¹
871 3005 912 3060 die
923 3022 954 3058 ae
967 3015 1040 3060 nocte

250 3101 279 3156 in
290 3101 383 3156 rocula
396 3100 546 3155 seculorum
558 3097 648 3171 (Aper.
662 3113 707 3159 xx,
717 3095 766 3151 9ει
777 3095 831 3160 ιθ).
843 3095 959 3150 Bestiam
973 3095 1041 3150 bene

248 3193 362 3264 intelligi
376 3193 460 3263 ipsam
474 3191 582 3261 impiam
595 3190 740 3253 civitatem,
753 3202 832 3258 supra
844 3189 899 3258 jam
914 3187 1039 3243 diximus.

250 3285 357 3345 Pseudo
375 3300 439 3343 uero
461 3284 589 3355 propbeta
605 3282 663 3353 ejus
675 3291 721 3337 aut
740 3280 919 3336 Antichristus
931 3289 982 3348 est,
995 3289 1041 3335 aut

251 3380 339 3451 imago
359 3379 415 3442 illa,
438 3378 465 3433 irl
488 3386 529 3432 est
552 3377 717 3447 ligmemum,
729 3373 764 3430 de
776 3389 830 3445 quo
849 3373 885 3428 ibi
898 3371 979 3427 locuti
991 3386 1039 3428 su·

251 3483 322 3526 tuus.
347 3469 411 3524 Post
431 3467 488 3524 bruc
507 3466 593 3537 ipsum
615 3464 788 3520 nouissimum
805 3462 946 3533 judicium,
970 3459 1041 3531 quod

250 3562 305 3618 erit
325 3561 351 3616 iu
364 3560 481 3617 secunda
495 3557 692 3614 resurrectione
704 3562 880 3619 mortuorum,
895 3567 955 3623 quae
977 3566 1040 3607 cor·

251 3667 346 3724 porum
369 3662 421 3717 est,
445 3649 645 3719 recapitulando
667 3660 789 3711 narrans,
804 3645 939 3715 quomodo
961 3643 1042 3700 luerit

251 3743 302 3809 sibi
322 3742 479 3803 revelatum,
493 3739 528 3794 Et
547 3740 609 3804 uidi,
626 3739 720 3808 iuquit,
741 3739 858 3791 tirrenum
877 3753 998 3808 maguum
1017 3746 1041 3789 et

250 3833 399 3900 candidum,
414 3841 438 3888 ει
451 3833 577 3887 ardentem
590 3845 667 3899 super
687 3845 754 3894 aunt,
768 3829 870 3899 rujuro
890 3828 955 3900 [urie
975 3829 1041 3900 sapit

250 3924 342 3980 cuium
353 3933 377 3978 et
390 3933 467 3987 urra,
481 3930 505 3977 ει
518 3922 587 3977 iocur
602 3901 688 3977 eorum
700 3920 814 3974 inuratur
833 3935 883 3972 aon
896 3930 932 3972 ert
947 3917 1039 3991 (lato,

252 4015 310 4087 tt).
323 4013 382 4070 Nou
393 4014 440 4081 ait,
459 4013 516 4069 llidi
531 4014 656 4068 tlrronum
670 4026 796 4081 maguum
808 4018 835 4065 et
857 4009 999 4065 candidum
1013 4020 1042 4066 ει

250 4105 390 4161 sedentem
401 4119 482 4173 super
493 4119 565 4170 eum,
581 4111 609 4158 ct
623 4103 657 4157 ab
668 4102 726 4173 ejus
745 4100 812 4156 lacie
823 4100 889 4171 iugit
901 4101 998 4157 coelum
1013 4110 1041 4157 et

253 4204 323 4251 terra
335 4211 343 4261 ;
357 4194 484 4265 qnoniam
498 4209 550 4250 oon
567 4203 630 4249 tunc
649 4193 747 4250 lactum
769 4200 819 4257 est,
842 4191 870 4247 id
889 4200 940 4255 εει,
964 4201 1040 4249 εειε-

253 4302 332 4360 quarn
347 4295 418 4342 esset
431 4287 465 4342 de
483 4287 549 4342 virio
567 4295 594 4343 et
613 4287 725 4341 mortuis
736 4285 901 4356 iudicatum:
922 4285 1041 4342 sedeam

251 4391 284 4437 se
299 4376 398 4433 vidisse
407 4376 473 4432 dixit
486 4377 513 4431 in
528 4378 624 4432 tlnono
637 4375 786 4443 sedentem,
800 4391 815 4431 a
827 4377 903 4445 cujus
915 4376 981 4433 lacie
998 4375 1041 4431 lu·

250 4469 292 4542 git
303 4468 400 4526 eoelum
423 4478 450 4523 et
463 4475 551 4532 terra;
565 4467 613 4522 sed
633 4477 737 4537 postea.
752 4467 864 4522 Peracto
884 4467 984 4538 quippe
995 4467 1041 4538 iu·

253 4561 323 4616 dicio
338 4568 400 4614 tunc
410 4572 469 4614 esse
480 4557 584 4614 desinet
593 4557 645 4612 boc
654 4557 750 4613 eoelum
761 4567 789 4612 et
798 4557 856 4612 baec
866 4567 947 4624 terra,
958 4573 1043 4628 quau-

252 4653 289 4709 do
302 4652 409 4722 incipiet
421 4665 482 4706 esse
500 4649 598 4706 coelum
612 4664 710 4705 norum
724 4656 751 4705 et
774 4659 844 4705 terra
863 4664 942 4705 nora.
956 4650 1042 4705 Muta·

254 4743 331 4812 tione
342 4757 455 4812 namque
470 4756 570 4807 rerum,
586 4756 639 4795 non
651 4739 724 4794 omni
739 4738 819 4794 modo
834 4740 940 4796 interitu
956 4750 1043 4797 trans·

254 4834 303 4890 ibit
315 4833 359 4888 lric
370 4831 495 4888 muudus.
507 4829 583 4888 Unde
595 4839 622 4886 et
632 4829 776 4900 Apostolus
788 4830 836 4895 ait,
846 4829 966 4884 Praeterit
976 4831 1042 4885 euim

254 4927 337 4999 figura
347 4924 702 4997 bujarmurtdimalouoraiae
712 4921 1041 4994 sollicitudiuemre(lGor,

253 5033 302 5088 uu,
313 5019 345 5074 δι
357 5029 380 5073 ει
390 5016 453 5091 il).
467 5016 564 5089 Figura
578 5030 642 5086 ergo
657 5015 784 5086 praeterit,
794 5030 847 5069 nou
861 5023 964 5070 natura.
975 5013 1042 5070 Cum

254 5127 319 5184 ergo
329 5128 359 5170 εε
371 5114 486 5170 ιεεεεεε
498 5111 597 5168 vidisse
607 5110 718 5166 dixisset
727 5109 864 5164 sedentem
878 5124 959 5179 super
971 5108 1043 5164 tlrro·

256 5221 331 5272 num,
350 5205 455 5275 aeujus
477 5205 555 5271 lucie,
576 5203 647 5274 quod
661 5212 753 5273 postea
774 5201 890 5257 loturum
911 5211 961 5267 est,
978 5201 1045 5274 fugit

255 5296 354 5355 coelutn
368 5304 395 5351 et
412 5303 504 5351 terra:
524 5294 558 5351 Ει
579 5295 642 5358 uidi,
658 5293 753 5364 inquit,
776 5305 888 5349 ruortuor
903 5311 1007 5366 magnos
1021 5303 1044 5350 et

286 5434 295 5466 ¹
312 5438 339 5481 tu
350 5429 490 5494 qurousdarn
505 5420 569 5489 ιιεεῖ,
581 5429 635 5492 plus
646 5427 721 5493 aliqui
728 5433 806 5479 ararat.

285 5498 296 5528 ¹
312 5495 349 5544 sic
359 5493 513 5552 manuscripti
519 5493 589 5554 juxta
596 5505 711 5554 graecum.
724 5491 784 5540 εεει
796 5503 863 5550 εεεο,
872 5495 894 5540 ει
902 5491 1046 5555 psertdapra

254 5556 333 5621 piretu
348 5552 558 5605 excruciabumur.
578 5562 651 5603 uarro
669 5551 792 5616 particula,
813 5558 844 5608 et,
862 5554 972 5615 proxime
988 5564 1046 5605 autc

254 5620 367 5677 verbum,
379 5612 559 5674 cruciabtmtur,
569 5614 642 5664 deest
652 5613 750 5677 quidem
760 5615 784 5663 in
796 5614 922 5675 impressis
933 5615 1047 5666 editionis

254 5679 371 5791 uulgalqa,
383 5679 428 5730 sed
439 5678 465 5729 iu
475 5677 579 5741 antiquis
589 5683 672 5728 ιεεεεε
679 5675 865 5726 corbeiensibus
875 5674 956 5726 otuats
966 5673 1047 5729 btiuis

254 5753 322 5803 repet
345 5753 382 5790 ur.
904 5759 908 5766 .

1095 1604 1253 1659 versorum?
1273 1605 1314 1661 ln
1337 1615 1426 1662 tantus
1447 1608 1610 1678 Angelorum
1632 1626 1763 1667 numerus
1790 1611 1888 1677 aderit,

1093 1706 1208 1768 utrantos
1223 1698 1359 1767 bominum
1380 1700 1444 1766 erit,
1463 1708 1491 1755 ει
1511 1701 1590 1756 uitam
1616 1715 1690 1755 suam
1717 1703 1837 1772 quisque
1856 1705 1889 1759 ab

1093 1787 1195 1858 bugeio
1207 1789 1257 1844 sibi
1270 1789 1389 1846 adhibito
1406 1790 1496 1846 audiet
1514 1792 1642 1848 recitari?
1660 1791 1720 1847 Non
1737 1809 1806 1863 ergo
1823 1809 1889 1849 unus

1092 1879 1160 1937 liber
1173 1879 1225 1936 erit
1236 1879 1367 1948 omnium,
1382 1882 1429 1937 sed
1444 1881 1539 1953 singuli
1554 1883 1731 1953 singolorum.
1748 1883 1888 1954 Scriptura

1094 1984 1157 2026 uero
1169 1971 1219 2026 ista
1230 1988 1312 2027 unum
1326 1974 1417 2029 rolens
1427 1974 1550 2045 intelligi,
1564 1973 1599 2029 Et
1610 1976 1687 2036 aiios.
1704 1976 1804 2047 inquit,
1827 1978 1888 2032 liber

1093 2074 1195 2135 apertur
1207 2074 1251 2119 εει.
1266 2066 1393 2135 Quadam
1405 2067 1484 2136 igitur
1494 2067 1534 2121 uis
1543 2077 1585 2123 est
1596 2067 1771 2138 intelligenda
1785 2068 1886 2133 diuina,

1093 2173 1144 2228 qua
1169 2156 1214 2213 iret
1238 2168 1266 2212 ει
1287 2159 1384 2228 cuique
1404 2173 1486 2229 opera
1506 2175 1566 2227 sua,
1588 2161 1630 2215 vel
1646 2161 1716 2215 bona
1742 2161 1785 2217 uel
1807 2162 1886 2226 urata,

1093 2261 1188 2304 cuncta
1204 2250 1231 2304 lu
1252 2251 1408 2305 memoriam
1430 2261 1599 2318 revocentur,
1615 2262 1642 2307 ει
1666 2253 1767 2308 tuentis
1790 2253 1887 2308 iutuitu

1093 2343 1161 2398 mira
1182 2343 1319 2398 celeritate
1334 2351 1494 2410 ceruantttr;
1519 2352 1547 2398 ει
1568 2352 1687 2410 εεεεεει,
1710 2343 1754 2400 uel
1777 2352 1888 2401 excuset

1092 2432 1203 2490 scientia
1223 2434 1431 2501 conscientiam;
1446 2444 1525 2505 atque
1546 2436 1581 2490 ita
1600 2435 1679 2489 simul
1703 2444 1732 2490 et
1747 2451 1845 2491 ornnes
1863 2443 1888 2492 ει

1092 2526 1189 2597 singuli
1200 2526 1366 2596 judicentur.
1382 2527 1447 2596 Quae
1459 2528 1583 2582 nimirum
1597 2530 1636 2583 uis
1649 2526 1751 2593 (lirina,
1765 2528 1828 2583 libri
1842 2544 1887 2582 no·

1092 2634 1155 2674 rnen
1168 2619 1278 2689 aceepit.
1292 2619 1319 2673 ln
1332 2634 1364 2675 ea
1375 2620 1472 2691 quippe
1483 2619 1681 2691 quodammodo
1691 2621 1801 2692 legitur,
1813 2623 1888 2692 quid·

1093 2708 1157 2779 quid
1169 2726 1200 2764 ea
1214 2708 1329 2766 iaciente
1350 2711 1508 2766 recolitur¹.
1523 2711 1558 2768 Ut
1578 2720 1665 2766 autem
1688 2713 1828 2780 ostendat,
1843 2716 1885 2784 qui

1092 2799 1190 2853 mortui
1200 2798 1336 2869 judicandi
1350 2800 1414 2868 siut,
1432 2801 1521 2871 pusilli
1532 2810 1559 2856 ει
1572 2801 1672 2872 magni,
1682 2803 1887 2872 recapitulanda

1092 2887 1158 2945 dicit
1180 2898 1305 2960 tauquam
1327 2890 1361 2945 ad
1382 2890 1408 2945 id
1421 2891 1538 2958 rediens,
1554 2891 1625 2962 quod
1638 2894 1822 2963 praeterierat,
1838 2909 1885 2964 po-

1093 2981 1179 3036 tiusve
1191 2981 1346 3037 distulerat:
1367 2980 1401 3036 Et
1415 2983 1526 3038 exitibuit
1544 3000 1614 3038 more
1628 2993 1742 3039 ntortuor
1753 2984 1801 3056 qui
1812 2986 1840 3039 iu
1857 3002 1885 3040 ea

1092 3079 1182 3138 eruut,
1197 3080 1219 3124 ει
1240 3087 1308 3126 mora
1329 3082 1354 3127 ει
1374 3076 1488 3145 tatanus
1507 3072 1670 3128 reddiderant
1689 3085 1806 3131 mortuos
1827 3093 1887 3148 quor

1092 3161 1119 3215 in
1139 3177 1166 3217 te
1186 3162 1308 3218 trabebant
1324 3163 1415 3238 (lbid,
1431 3165 1491 3235 lb).
1512 3165 1569 3221 lloc
1589 3166 1681 3236 procul
1704 3167 1790 3222 dublo
1813 3169 1886 3240 prius

1093 3251 1257 3320 factumest,
1278 3273 1356 3327 quarn
1371 3266 1460 3313 essent
1476 3258 1573 3312 mortui
1594 3258 1724 3328 judicati:
1751 3270 1779 3316 et
1796 3271 1883 3318 tamen

1093 3345 1156 3400 illud
1173 3347 1245 3415 prius
1259 3347 1358 3402 dictum
1372 3359 1422 3403 est.
1438 3348 1495 3404 lloc
1508 3359 1549 3405 εει
1561 3366 1626 3421 ergo
1642 3351 1714 3421 quod
1729 3352 1797 3420 dixi,
1814 3369 1886 3409 reca-

1093 3437 1231 3507 pitulando
1246 3455 1305 3492 curn
1320 3438 1352 3493 ad
1366 3437 1391 3494 id
1401 3439 1514 3495 rediisse
1521 3440 1592 3511 quod
1608 3441 1886 3501 intermiscentium

1092 3539 1182 3585 autern
1206 3530 1328 3585 ordinem
1351 3531 1446 3596 tenuit,
1471 3540 1551 3602 atque
1577 3542 1605 3587 ει
1626 3534 1811 3604 explicaretur
1830 3535 1886 3605 ipse

1093 3621 1169 3687 orda,
1185 3624 1351 3678 commodius
1363 3624 1443 3679 etiarn
1468 3623 1501 3680 de
1523 3623 1648 3691 judic-rtis
1667 3627 1792 3690 mortuis,
1815 3628 1886 3698 quod

1091 3714 1146 3783 jam
1160 3715 1275 3779 dixerat,
1299 3730 1348 3770 suo
1362 3717 1486 3785 repetiuit
1501 3717 1571 3773 loco.
1592 3716 1659 3774 Cum
1672 3719 1744 3774 enim
1758 3720 1884 3789 dixisset,

1093 3803 1128 3858 lu't
1149 3805 1260 3861 exitibuit
1280 3824 1350 3860 mare
1364 3819 1475 3863 mortuos
1497 3810 1540 3878 qui
1553 3810 1579 3864 iu
1590 3826 1619 3865 eo
1633 3822 1716 3877 aaut,
1737 3822 1762 3866 et
1782 3830 1852 3868 mora
1863 3824 1886 3869 et

1093 3896 1208 3964 inserirur
1220 3897 1383 3953 reddiderunt
1395 3910 1507 3954 mortuos
1520 3917 1582 3970 quor
1594 3901 1621 3956 iu
1629 3918 1656 3957 re
1668 3903 1794 3959 tralatam
1804 3921 1815 3969 ,·
1825 3921 1885 3964 mox

1093 3989 1194 4044 addidit
1215 3989 1285 4058 quod
1306 3991 1385 4059 paulo
1409 4001 1471 4046 ante
1495 4002 1631 4062 posuerat,
1646 3992 1680 4049 Et
1696 3995 1810 4064 iudicati
1828 4009 1885 4052 rum

1093 4081 1187 4153 riupuli
1198 4081 1336 4135 secuudum
1350 4085 1417 4151 [uoto
1429 4100 1486 4137 rata.
1501 4083 1557 4139 lloc
1573 4094 1614 4139 est
1633 4087 1704 4140 enim
1719 4087 1793 4157 quod
1807 4103 1886 4159 supra

1092 4172 1207 4235 dixerat,
1224 4172 1257 4226 Et
1266 4175 1375 4244 judicati
1397 4185 1454 4229 ruat
1475 4176 1567 4230 mortui
1589 4179 1728 4232 secuudum
1743 4182 1814 4251 {actu
1828 4197 1884 4235 rua.

1093 4286 1207 4343 CAPUT
1226 4287 1284 4343 xv,
1298 4318 1333 4328 —
1347 4288 1396 4354 Qui
1420 4290 1470 4344 aiat
1493 4290 1597 4356 utortui,
1619 4308 1683 4361 quor
1702 4294 1738 4347 ud
1758 4293 1885 4364 iudicium

1130 4379 1242 4434 eairiiuit
1255 4397 1333 4446 mure,
1345 4381 1384 4436 rel
1397 4398 1459 4452 quar
1472 4398 1538 4437 mors
1549 4394 1573 4439 ει
1583 4384 1659 4453 inseri
1673 4385 1851 4441 reddiderunt.

1130 4489 1182 4546 Sed
1196 4491 1240 4560 qni
1261 4499 1324 4546 sunt
1347 4491 1456 4557 mortui,
1481 4507 1548 4562 quos
1563 4493 1685 4549 exhibuit
1698 4511 1783 4564 arare,
1800 4496 1884 4567 quiin

1094 4584 1235 4640 eoerantl
1248 4583 1339 4654 Neque
1360 4585 1432 4640 enirn
1455 4585 1547 4655 quiin
1568 4586 1635 4641 mari
1657 4588 1884 4654 moriuntur,oon

1094 4687 1158 4733 sunt
1179 4677 1206 4732 in
1232 4677 1346 4743 inlerrro,
1373 4687 1420 4733 aut
1441 4692 1553 4747 corpora
1577 4694 1673 4735 eorum
1695 4692 1838 4737 serrantur
1860 4682 1884 4735 in

1095 4767 1161 4823 mari
1173 4783 1181 4833 ;
1194 4777 1251 4834 aut,
1271 4767 1341 4838 quod
1362 4777 1404 4822 εει
1414 4768 1568 4834 absurdius,
1582 4784 1657 4824 mare
1669 4772 1784 4827 ilabebat
1803 4772 1886 4827 bonos

1094 4870 1227 4929 mortuos,
1241 4870 1268 4916 et
1283 4861 1403 4916 iulcrnus
1415 4861 1510 4916 malos.
1524 4861 1590 4930 Quis
1604 4861 1655 4916 lroe
1666 4864 1823 4934 putareriti
1835 4863 1885 4920 Sed

1096 4953 1214 5023 prolecto
1228 4954 1421 5008 conuenienter
1431 4952 1539 5024 quidam
1552 4953 1604 5009 boe
1617 4953 1676 5010 loeo
1690 4971 1764 5012 mare
1775 4971 1826 5027 pro
1837 4958 1886 5013 isto

1095 5044 1194 5098 seculo
1207 5044 1323 5114 positum
1340 5044 1483 5110 accipiunt.
1496 5044 1561 5100 Corn
1577 5059 1642 5115 ergo
1656 5054 1684 5101 et
1697 5061 1765 5118 quos
1783 5048 1828 5104 bie
1844 5049 1886 5102 iu-

1096 5135 1185 5190 veniat
1195 5134 1316 5189 Christus
1332 5133 1358 5188 in
1378 5148 1491 5204 corpore
1504 5135 1675 5202 constitutos,
1691 5138 1770 5192 simul
1785 5138 1886 5210 signisr·

1095 5232 1170 5281 caret
1179 5241 1240 5280 curn
1252 5226 1284 5280 iis
1295 5225 1340 5295 qui
1355 5227 1532 5282 resurrecturi
1545 5235 1607 5280 εεει
1618 5227 1787 5296 iudicandos,
1807 5232 1886 5286 etium

1097 5318 1169 5386 ipsos
1190 5326 1309 5372 mortuos
1330 5318 1486 5389 appellavit,
1513 5329 1541 5374 ει
1560 5319 1645 5375 bonos
1669 5322 1767 5391 quibus
1780 5323 1884 5386 dicitur,

1098 5406 1195 5462 llortui
1217 5410 1284 5462 euim
1304 5420 1372 5473 erus,
1395 5420 1417 5463 et
1437 5410 1488 5464 ritu
1507 5420 1590 5464 uestra
1613 5411 1763 5468 abscondita
1776 5425 1814 5470 εει
1833 5432 1884 5468 carr

1097 5499 1197 5558 Cirrirto
1211 5503 1237 5555 ia
1251 5500 1306 5557 Deo
1330 5501 1438 5575 (Calore.
1455 5519 1495 5571 ut,
1516 5503 1563 5575 ὄις
1586 5513 1613 5558 ει
1627 5506 1713 5561 malos
1736 5507 1772 5566 de
1795 5508 1888 5581 quibas

1130 5615 1139 5647 ¹
1156 5619 1189 5662 tta
1199 5619 1253 5663 ιιεε.
1266 5620 1294 5665 ιι
1313 5613 1381 5672 editi,
1393 5613 1511 5680 qudquid
1523 5613 1650 5677 esuriente
1658 5615 1783 5670 remitae.

1129 5675 1166 5738 (a)
1176 5676 1249 5725 abest
1260 5689 1316 5736 rox,
1326 5675 1522 5739 uuiuscujusque,
1531 5689 1547 5727 a
1557 5676 1654 5741 rutgau
1666 5686 1692 5728 et
1703 5692 1717 5728 a
1728 5694 1812 5743 gram
1821 5690 1888 5734 terra

1100 5735 1279 5802 saeuum.
