3900 6390
219 306 222 311 .
256 268 291 326 13
800 256 1022 315 necutiante
1043 257 1357 327 iistsmiciisitai
1852 261 1888 319 ⁴¹

255 380 320 434 retis
335 379 465 447 aspicere,
481 375 538 445 ipse
547 387 595 428 ros
608 372 641 427 ab
655 371 705 425 bac
716 368 880 439 impudentia
893 368 1042 424 cohiberet.
1097 372 1174 440 pulus
1194 375 1318 430 secundia
1337 376 1417 433 rebius
1437 377 1547 434 edoctus
1568 388 1620 445 cst,
1642 393 1708 450 quas
1728 377 1823 434 iia-tea
1843 377 1889 432 iile

254 469 310 524 Gur
321 469 392 525 eninr
402 465 493 521 alilieti
506 465 585 520 rebus
596 462 716 517 aduersis
726 460 761 517 de
776 460 939 531 temporibus
951 461 1044 531 queri·
1097 464 1327 532 providentissime
1346 470 1478 525 mirandas
1496 486 1556 527 esse
1569 471 1706 536 censebat,
1722 468 1828 541 quando
1846 467 1888 524 cl·

256 557 321 613 ratini
339 555 503 621 eluistianis,
523 553 574 609 nisi
588 553 649 623 quie
666 561 781 607 uestram
795 551 926 605 luxuriam
948 552 1045 621 cupitis
1096 552 1204 609 ritatem
1218 554 1333 610 hostiurm
1348 557 1500 625 maximam,
1515 559 1697 627 fortissimam,
1712 557 1890 629 opulentissi-

255 647 356 703 babere
377 661 510 712 secumm,
538 654 566 702 et
588 643 773 715 perditissimis
795 643 914 699 moribus
942 654 1045 697 renrota
1097 657 1167 698 mam
1189 645 1296 700 noielmt
1317 648 1429 712 aulerri;
1445 657 1476 704 ut
1499 650 1594 706 timore
1612 650 1693 705 iibido
1707 658 1886 720 premeretur,

254 740 328 795 omrai
349 737 531 793 molestiarum
551 735 695 806 asperitate
706 732 848 789 difflueret
861 732 954 804 Neque
971 733 1044 789 cuim

256 842 395 900 propterea
410 827 506 896 cupitis
520 827 619 881 imitere
639 839 730 894 pacem
752 834 781 879 et
801 824 873 879 oanni
886 839 984 895 genere
997 838 1044 880 ce·

255 924 356 994 piarunt
370 921 518 984 alrundare,
533 919 616 974 utitis
633 917 709 973 bouis
723 917 835 972 honeste
853 917 976 980 utamini,
993 916 1044 972 boc

254 1022 297 1070 est
315 1013 447 1076 modeste,
462 1011 564 1075 sobrie,
586 1018 776 1079 temperanter,
792 1008 852 1076 pie;
867 1006 916 1063 sed
937 1016 966 1062 ot
986 1006 1045 1062 inll-

254 1107 310 1162 nita
323 1107 437 1160 varietas
449 1105 614 1173 voluptatum
628 1100 728 1156 insauds
737 1099 909 1156 allusionibus
924 1100 1045 1171 exquire·

255 1209 309 1267 tur,
322 1197 499 1268 secundisque
513 1196 594 1251 rebus
609 1209 640 1250 ca
655 1194 722 1249 mala
737 1192 856 1248 oriantur
869 1192 897 1248 in
914 1193 1044 1258 moribus,

255 1307 315 1363 quae
335 1289 507 1345 sarientibus
520 1286 610 1356 pejora
626 1284 680 1340 siut
697 1284 827 1339 hostibus.
841 1285 877 1338 Αι
898 1283 943 1338 ille
955 1282 1045 1353 Scipio

256 1382 373 1454 pontilex
384 1379 514 1436 maximus
523 1386 621 1444 restet,
635 1375 680 1431 ille
686 1374 787 1446 judicio
797 1375 877 1431 totius
888 1382 996 1430 senatus
1006 1372 1046 1430 ιιι

253 1474 380 1544 apenos,
403 1471 480 1526 istam
495 1468 572 1524 robis
587 1476 707 1523 metuens
728 1465 917 1533 calamitatem,
939 1465 1046 1520 nolebat

254 1564 378 1619 amulam
390 1571 453 1616 tunc
465 1559 570 1630 imperii
588 1557 701 1613 Romani
715 1555 903 1627 Carthaginem
923 1555 1003 1623 dirui,
1019 1565 1046 1614 et

255 1653 408 1712 decernenti
421 1661 450 1708 ut
462 1652 623 1717 dirueretur,
634 1649 832 1705 contradicebat
842 1646 937 1703 Catorri
948 1646 998 1717 (ι),
1013 1647 1048 1703 ti·

255 1762 332 1802 mens
350 1743 463 1800 infirmis
483 1742 579 1798 animis
593 1740 709 1802 bostem,
724 1740 913 1803 securitatem
937 1745 964 1792 et
985 1746 1045 1793 tan·

255 1853 336 1907 quam
349 1835 455 1908 pupillis
470 1834 573 1889 civibus
588 1831 711 1887 idoneum
726 1839 851 1894 tutorem,
866 1828 1045 1884 necessarium

256 1929 351 1986 ridens
362 1943 422 1984 esse
437 1937 578 1983 terrorem.
590 1924 645 1980 Nec
655 1938 716 1979 eunt
736 1923 868 1978 sententia
886 1921 1001 1978 leieiiit:
1017 1937 1046 1976 re

255 2020 312 2091 ipsa
323 2017 461 2090 probatum
472 2024 524 2080 est,
535 2031 613 2087 quam
625 2028 716 2069 rerum
727 2013 837 2068 diecret.
850 2012 940 2067 Deleta
949 2013 1046 2082 qnippe

254 2112 423 2182 Cartbagine,
437 2126 534 2181 magno
548 2109 650 2164 seilicet
663 2117 764 2163 terrore
776 2105 904 2162 Romanae
918 2105 1044 2175 reipubli-

255 2218 295 2260 ιιι
311 2201 422 2273 depulso
444 2212 472 2255 et
495 2200 637 2261 exstincto,
661 2206 733 2252 tanta
756 2195 790 2251 de
812 2196 891 2251 rebus
913 2195 1047 2266 prosperis

256 2303 315 2350 urta
324 2294 391 2348 nraia
404 2291 530 2347 continuo
543 2290 684 2344 subsecuta
697 2297 770 2351 sunt,
785 2296 813 2340 ιιι
823 2295 946 2355 corrupta
960 2285 1046 2340 disru-

258 2394 353 2455 ptaque
371 2381 514 2437 concordia
530 2381 603 2450 prius
615 2378 694 2433 seris
711 2376 883 2447 cruentisque
903 2375 1044 2431 seditioni·

255 2475 307 2531 bns
318 2474 367 2545 (i),
381 2471 478 2530 deinde
492 2486 555 2527 mox
569 2470 696 2526 maiarum
712 2470 879 2524 currrmxione
892 2482 1044 2536 cansarum,

256 2568 333 2623 bellis
347 2567 426 2623 eiiani
441 2563 563 2621 civilibus
576 2571 657 2617 tantae
671 2570 773 2631 strages
785 2560 939 2627 ederentur,
957 2569 1047 2615 tantus

255 2659 363 2731 sangnis
374 2656 564 2721 ebrandcretur,
577 2663 650 2710 tanta
664 2653 809 2723 cupiditate
823 2652 1046 2723 proscriptionum

254 2767 287 2808 ac
300 2753 450 2823 rapinarum
466 2749 581 2805 lerreret
601 2746 762 2813 immanitas,
782 2756 811 2799 ut
824 2745 936 2800 Romani
952 2745 990 2800 illi
1002 2745 1046 2815 qui

256 2847 306 2898 rita
327 2841 470 2913 integriore
489 2839 557 2894 mala
575 2837 728 2894 metuebant
745 2837 779 2891 ab
790 2836 925 2902 hostibus,
941 2837 1046 2907 perdita

255 2935 406 3004 integritate
419 2931 480 2985 ritae
500 2928 649 2985 crudeliora
668 2935 823 2997 paterentur
840 2926 973 2983 aeiuibus
985 2926 1020 3000 (ι)
1038 2947 1045 2984 a

237 3016 240 3023 '
255 3039 340 3093 eaque
352 3023 408 3093 ipsa
424 3021 505 3076 iibido
521 3017 687 3084 dominandi,
702 3033 761 3088 quar
775 3018 844 3072 inter
862 3016 912 3071 alia
925 3015 988 3072 vitia
999 3034 1046 3085 ge·

235 3102 239 3111 ’
255 3118 327 3173 neris
347 3114 455 3170 irrumani
471 3111 618 3169 nrcraeior¹
638 3111 723 3166 inerat
738 3112 864 3164 universo
878 3109 976 3180 populo
990 3108 1046 3164 llo·

254 3225 344 3277 mano,
358 3216 530 3279 posteaquam
545 3205 572 3260 in
588 3205 680 3275 paucis
698 3202 891 3272 potentioribus
911 3203 984 3269 aicit,
999 3204 1047 3259 ob

256 3303 334 3357 tritos
349 3301 523 3370 fatigatosque
536 3305 648 3353 eeteros
666 3297 747 3351 eiiam
761 3295 826 3367 jugo
846 3296 983 3351 servitutis
995 3310 1046 3366 op-

254 3398 368 3537 {mir
386 3477 483 3533 xxiii.
497 3505 533 3518 --
547 3475 643 3544 Quibus
657 3474 771 3528 uitiorum
790 3474 910 3545 gradibus
926 3485 1001 3528 uncto
1013 3475 1046 3529 sit

445 3567 471 3621 in
485 3566 608 3621 Romanis
617 3564 709 3634 cupido
724 3563 856 3634 reprendi.

292 3659 359 3716 Nam
373 3656 479 3730 quando
492 3656 537 3711 iila
550 3655 699 3725 quiesceret
714 3654 740 3706 in
755 3651 955 3722 superbissimis
969 3670 1044 3709 merr-

229 3750 232 3756 '
255 3752 337 3819 tibus,
348 3750 434 3806 donec
446 3745 606 3803 continuatis
621 3743 766 3799 bonoribus
779 3743 811 3797 ad
827 3753 986 3814 potestatem
1001 3760 1045 3800 re-

255 3845 325 3917 giam
351 3839 520 3913 perveniret?
547 3837 682 3893 lionorum
707 3850 787 3906 porro
806 3835 1044 3891 continuandorum

232 3933 236 3939 ’
255 3936 366 3993 lacuitas
384 3950 437 3990 non
459 3942 540 3996 esset,
555 3930 605 3985 nisi
627 3928 737 3983 ambitio
751 3927 918 3998 praevaleret.
940 3928 1046 3985 Minime

255 4039 345 4087 autem
369 4029 527 4100 praevaleret
549 4024 669 4088 ambitio,
694 4021 745 4078 nisi
765 4022 790 4075 in
816 4021 913 4092 populo
938 4023 1046 4076 auaritia

256 4121 412 4191 luxuriaque
423 4125 559 4188 corrupto.
582 4114 685 4169 bramis
703 4127 767 4168 rere
781 4111 983 4182 luxuriosusque
998 4127 1046 4182 pu-

256 4254 362 4306 orande
374 4254 513 4326 ¹aruspicum
524 4249 656 4313 responsis,
669 4260 721 4311 etp.
742 4247 787 4309 tti;
800 4248 872 4307 tirio,
886 4245 926 4296 lib.
940 4246 978 4306 ei,
991 4261 1044 4310 cap.

259 4314 446 4426 1ιῖἵιιιιῗιιιξὸιιιι.
468 4380 495 4424 ιι
514 4380 577 4432 ior,
591 4368 779 4422 immodestior.
803 4375 831 4419 tt
849 4375 886 4419 ιῖι.
906 4374 932 4418 ιι
948 4378 1047 4420 reteres

257 4447 321 4499 tm..
331 4434 464 4497 mandem·
476 4441 580 4497 excepto
589 4445 638 4483 uuo
648 4439 674 4482 et
682 4429 768 4492 altero,
780 4432 805 4481 in
815 4443 864 4493 qno
876 4438 923 4489 est,
932 4431 1044 4494 saracin.

289 4522 326 4586 (ι)
339 4520 493 4576 ιιιιιιιιιιιιι,
504 4520 530 4567 ιιι
540 4524 630 4568 tatone
645 4517 753 4580 majore;
773 4515 865 4574 liuius,
885 4514 926 4564 lib.
940 4514 970 4564 lb
992 4518 1044 4578 epi-

257 4592 322 4636 teme
352 4588 400 4632 ele.

288 4619 424 4710 (apionem
435 4638 638 4700 metaturae
649 4637 697 4686 enar
707 4635 796 4697 nanus,
810 4637 833 4686 tn
842 4635 931 4699 qtrtnus
943 4637 1044 4697 prtnrnn

257 4720 336 4771 usque
351 4704 381 4755 ad
396 4704 539 4767 sanguinem
555 4699 652 4750 ciriiem
671 4706 770 4748 rentiam
787 4706 842 4756 est,
861 4710 963 4760 quarunt
981 4702 1045 4760 prior

256 4768 300 4819 lttii
311 4768 397 4818 decem
407 4765 477 4815 annis
524 4775 529 4786 ¹
549 4761 657 4812 deleam
667 4759 842 4821 carthaginem.
855 4764 910 4807 tuo.
925 4765 1003 4809 i’rras.

291 4832 327 4902 (ι)
338 4837 394 4879 iiam
405 4839 438 4877 ιιι
447 4770 568 4876 sedilias
576 4832 599 4870 c.
610 4820 707 4872 Gracchi
718 4826 833 4870 natusest
842 4820 979 4869 tribunatus
988 4822 1046 4870 iirii

257 4897 334 4950 brusa,
345 4901 419 4954 quem
434 4895 517 4936 Patres
526 4884 658 4947 equitibus,
687 4882 711 4930 ui
733 4893 765 4930 ex
778 4880 835 4930 lene
846 4879 942 4929 Gracchi
952 4881 1044 4942 judiea-

257 4951 323 5003 bant,
336 4953 509 5013 opposuerunt.
528 4951 561 4993 iix
573 4945 618 4994 boc
635 4895 726 4992 beflum
737 4918 836 5003 sociafe,
852 4941 915 5005 quod
927 4945 1044 5014 prontissa

256 5013 344 5061 atinio
354 5018 430 5060 brusa
444 5008 527 5058 ciuitas
542 5019 591 5055 non
607 5010 771 5068 praestaretur.
792 5009 825 5051 Ex
843 5003 889 5052 boc
907 5002 1044 5054 iitthridati·

235 5115 239 5122 .
256 5085 321 5129 cunr,
332 5085 387 5121 cum
400 5069 544 5120 ititbridatcs
554 5080 598 5117 rex
612 5066 677 5115 ronti
699 5064 803 5114 mirleus
816 5064 941 5114 discordiae
961 5064 1041 5123 italiae,

256 5134 332 5183 iruulta
340 5133 427 5182 ciuium
438 5128 520 5189 millia,
532 5141 587 5193 quae
599 5130 622 5177 in
634 5139 680 5176 suo
690 5139 769 5188 regno
788 5126 982 5188 negotiabantur,
992 5127 1044 5188 jus·

256 5197 288 5245 sit
300 5191 410 5242 interfici.
424 5197 455 5239 Ex
468 5190 513 5240 boc
524 5189 588 5239 belia
603 5187 682 5239 ciuilia
705 5188 813 5244 ιιιιιιιιι,
825 5199 880 5236 cum
892 5187 977 5236 itarius
989 5201 1043 5248 pro·

256 5256 360 5305 rinciam
369 5261 394 5303 et
402 5250 493 5302 bellum
504 5252 685 5300 itiiitridaticttm
696 5254 719 5296 L.
733 5248 801 5311 spilae
809 5244 885 5298 uellet
897 5250 1003 5309 eripere.
1011 5255 1044 5298 Ex

256 5317 328 5380 buius
337 5313 470 5364 seminibus
480 5315 651 5369 Sertorianum,
665 5310 819 5380 septinianum,
838 5310 972 5371 conjuratio
982 5312 1043 5358 tati-

256 5376 326 5433 liuae,
348 5383 470 5438 postremo
488 5376 664 5434 Pompeianum.
682 5372 856 5421 ibucsaesaris
871 5383 1045 5432 regnumque

212 5436 214 5441 ’
255 5441 344 5496 ecc'so,
355 5434 419 5486 bella
428 5433 514 5491 civilia,
525 5435 692 5495 eutorriaupm,
705 5431 858 5495 Philippense
875 5433 939 5481 bruti
952 5440 977 5481 ei
988 5438 1043 5480 cas-

254 5501 294 5551 sii.
303 5496 407 5551 siculum
418 5497 484 5546 sexti
496 5496 609 5556 uornpeii,
623 5494 749 5543 tetecum.
761 5495 866 5543 'tandem
874 5493 1010 5555 respublica
1019 5495 1042 5540 in

210 5610 213 5615 .
256 5560 419 5611 mmrareiriam
435 5565 461 5605 et
477 5556 626 5619 tyrrannidem
645 5568 716 5604 tersa
732 5562 779 5604 esi.
798 5562 854 5604 beo.
870 5562 947 5605 vires.
957 5553 1043 5602 -sab

210 5622 214 5633 '
255 5622 343 5674 iustius
355 5623 378 5670 iu
391 5617 615 5730 qellodiugurtbino,
628 5627 681 5678 ιιι».
696 5615 720 5664 ιι
732 5629 805 5679 seqq.
818 5615 925 5666 velleius
935 5623 1044 5664 ratercu·

254 5685 303 5746 bis,
316 5684 383 5734 itacio
407 5683 439 5732 ib.
454 5714 475 5730 ..

1097 731 1178 789 libido
1193 738 1302 804 pressa¹
1324 755 1377 794 nrm
1391 740 1578 808 luxuriaretur,
1596 741 1754 812 luxuriaque
1767 740 1888 797 cohibita

1096 838 1145 879 nec
1155 826 1264 882 avaritia
1277 839 1443 897 grassaretur
1458 831 1573 901 :quibus
1584 832 1653 887 vitiis
1667 832 1809 895 obseratis,
1824 831 1888 887 ciri·

1096 916 1142 970 tati
1164 917 1237 974 utilis
1257 919 1340 975 virtus
1362 920 1472 979 lloreret
1485 932 1514 979 et
1533 933 1677 992 cresceret,
1696 924 1774 996 eique
1793 923 1887 979 ιιιιιιιι

1096 1006 1205 1063 libertas
1219 1024 1335 1081 congrua
1349 1021 1526 1082 permaneret.
1542 1014 1609 1070 lline
1628 1014 1708 1070 etiam
1722 1025 1791 1082 erat,
1813 1023 1887 1071 etex

1096 1097 1146 1154 bac
1163 1101 1394 1169 providentissima
1410 1105 1502 1174 patrie
1515 1105 1644 1161 charitate
1659 1105 1792 1170 veniebat,
1813 1105 1887 1176 quod

1096 1191 1236 1270 idemipse
1245 1206 1334 1250 restcr
1344 1197 1459 1266 pontifex
1472 1196 1614 1264 maximus,
1624 1212 1640 1253 a
1650 1205 1742 1252 senatu
1757 1196 1889 1268 temporis

1096 1281 1167 1339 iliius
1182 1283 1262 1357 (quod
1272 1301 1343 1357 saepe
1357 1287 1498 1345 dicendum
1512 1286 1564 1361 esi)
1576 1289 1677 1345 electus
1689 1289 1747 1345 sine
1758 1289 1811 1344 ulia
1825 1302 1889 1344 scn-

1097 1376 1238 1430 tentiarum
1261 1377 1437 1449 discrepantia
1459 1379 1501 1435 vir
1519 1380 1653 1450 optimus,
1678 1394 1786 1435 caream
1811 1378 1888 1434 tltca·

1098 1468 1130 1521 tri
1146 1467 1184 1539 (ι)
1197 1477 1317 1524 senatum
1336 1479 1491 1527 construere
1504 1472 1667 1539 molientem,
1682 1472 1778 1528 abbae
1795 1471 1888 1542 dispo·

1096 1559 1192 1614 sitione
1205 1569 1233 1615 et
1251 1561 1394 1631 cupiditate
1415 1563 1595 1633 compescuit;
1615 1564 1800 1634 persuasitque
1822 1578 1888 1619 ora·

1096 1654 1337 1725 tinnegrarissima‚
1350 1671 1382 1710 ne
1390 1655 1510 1712 Graecam
1521 1656 1650 1712 luxuriam
1661 1655 1781 1712 virilibus
1792 1654 1888 1726 patria

1097 1744 1214 1799 manibus
1227 1751 1380 1813 paterentur
1393 1746 1532 1815 obrepere,
1550 1754 1578 1802 et
1589 1744 1622 1801 ad
1642 1746 1766 1802 virtutem
1782 1744 1887 1802 lahela·

1096 1834 1217 1891 ctandam
1241 1835 1472 1907 enarrandamque
1491 1838 1635 1892 itomanam
1654 1835 1803 1907 peregrinae
1821 1851 1888 1893 eon·

1097 1927 1196 1982 sentire
1219 1927 1342 1998 nequitiae
1358 1945 1366 1983 a
1382 1936 1536 1999 tantumque
1554 1929 1712 1984 auctoritate
1738 1927 1832 1996 raiuit,
1857 1937 1887 1984 ut

1096 2017 1155 2086 ejus
1177 2016 1267 2073 verbis
1292 2027 1426 2074 commota
1447 2019 1581 2076 senateria
1601 2019 1777 2090 prouidentia,
1804 2019 1886 2076 etiam

1096 2109 1233 2176 subsellia,
1244 2109 1341 2180 quihus
1352 2108 1386 2165 ad
1400 2110 1493 2165 boram
1506 2111 1640 2182 congestis
1652 2111 1680 2166 in
1691 2110 1816 2166 ludorum
1825 2126 1887 2183 spe·

1097 2200 1202 2255 ctaculo
1211 2199 1266 2269 iam
1287 2201 1323 2255 uti
1336 2201 1429 2257 civitas
1444 2210 1571 2272 eoeperat,
1586 2201 1714 2274 deinceps
1732 2201 1887 2274 prohiberet

1097 2291 1194 2360 apponi
1208 2289 1258 2360 (b).
1276 2290 1381 2357 Quartto
1394 2292 1481 2347 studio
1502 2291 1553 2348 iste
1571 2291 1605 2347 ab
1627 2292 1692 2348 urbe
1710 2291 1795 2348 ιιοιιιι
1808 2291 1887 2349 ludes

1097 2384 1169 2452 ipsos
1182 2383 1303 2445 scenicos
1315 2385 1476 2451 abstulisset,
1492 2386 1514 2440 si
1531 2385 1681 2441 auctoritati
1698 2399 1887 2456 eorumquae

1097 2474 1162 2531 deos
1186 2476 1303 2546 putabat,
1326 2478 1452 2532 resistere
1473 2477 1601 2542 auderet;
1622 2490 1690 2547 quos
1709 2489 1771 2530 esse
1792 2475 1886 2531 rtoxios

1097 2565 1232 2620 dentones
1252 2581 1303 2620 ιιοιι
1325 2566 1496 2636 intelligebat,
1512 2574 1558 2620 aot
1577 2566 1599 2621 si
1621 2564 1803 2634 intelligebat,
1827 2563 1885 2634 pla·

1096 2655 1196 2711 candos
1210 2656 1289 2711 etiam
1303 2657 1359 2726 ipse
1372 2657 1550 2727 potiusquam
1571 2655 1782 2712 contemnendos
1794 2654 1886 2716 existi·

1097 2749 1195 2804 mabri.
1210 2749 1332 2807 Nondum
1353 2752 1425 2808 enim
1440 2750 1526 2808 luerat
1539 2750 1672 2807 declarata
1691 2750 1824 2808 Gentibus
1842 2767 1885 2808 su·

1097 2842 1319 2911 pernadoetrina,
1340 2857 1400 2913 quae
1412 2842 1464 2898 lide
1478 2857 1526 2898 cor
1544 2841 1686 2913 mundans,
1709 2842 1743 2898 ad
1765 2842 1886 2901 eoelestia

1098 2932 1140 2986 rei
1158 2933 1357 3001 supercoelestia
1377 2931 1548 3002 capessenda,
1563 2931 1656 2987 humili
1678 2932 1776 3002 pietate
1788 2931 1885 2988 buma-

1097 3037 1160 3077 num
1180 3033 1294 3078 ιιιιιιιιιι
1313 3023 1448 3090 affectum,
1468 3031 1496 3079 et
1512 3038 1528 3077 a
1552 3022 1689 3079 dominatu
1709 3023 1885 3095 superborum

1097 3114 1247 3169 (ιιιιιοιιιιιιι
1263 3115 1395 3171 liberaret.

1132 3227 1247 3286 carui
1272 3228 1380 3285 xxxii.
1402 3258 1438 3270 ·-
1456 3228 1497 3285 Dr
1521 3230 1676 3286 scenicorum
1696 3231 1853 3288 institutione

1425 3323 1551 3379 indorum.

1135 3433 1321 3491 Verumtamen
1341 3436 1446 3503 scitote,
1460 3435 1505 3506 qui
1524 3435 1574 3491 ista
1588 3434 1713 3503 nescitis;
1735 3446 1765 3492 ιι
1778 3438 1824 3509 qui
1840 3453 1884 3494 rot

1097 3526 1180 3581 scrire
1193 3525 1378 3592 dissimulatis,
1395 3527 1538 3592 advertite,
1551 3528 1595 3597 qui
1610 3526 1739 3583 aduersus
1753 3528 1884 3587 liberato·

1098 3630 1154 3669 rem
1177 3630 1192 3669 a
1214 3616 1312 3671 talibus
1333 3616 1448 3672 dominis
1469 3618 1659 3672 murmuratis¹
1674 3637 1682 3674 ι
1697 3619 1752 3674 ludi
1775 3623 1883 3685 scenici,

1097 3707 1249 3776 spectacula
1271 3707 1462 3777 turpitudinum
1482 3718 1510 3764 et
1531 3709 1637 3765 licentia
1654 3711 1811 3778 rarritatum,
1832 3728 1883 3769 non

1098 3797 1235 3852 bominum
1248 3797 1329 3863 uitiis,
1345 3797 1391 3852 sed
1407 3797 1517 3853 deorum
1533 3808 1681 3854 vestrorum
1699 3799 1781 3869 jussis
1793 3801 1884 3858 nune

1097 3888 1208 3944 instituti
1225 3897 1296 3944 sttrtt.
1311 3889 1485 3945 Tolerabilius
1499 3890 1603 3946 diuinos
1619 3890 1733 3947 ironorea
1746 3891 1884 3950 deferretis

1098 3978 1137 4033 iili
1160 3979 1288 4050 Scipioni,
1310 3993 1389 4049 quiam
1403 3978 1469 4034 deos
1489 3979 1619 4048 ejusmodi
1639 3980 1783 4037 coleretis:
1800 3997 1884 4054 rreqrre

1097 4074 1167 4128 enim
1178 4081 1254 4127 erant
1268 4073 1304 4127 ilii
1317 4072 1352 4128 dii
1367 4087 1416 4127 suo
1430 4071 1554 4142 quintillae
1568 4073 1701 4128 meliores.
1719 4074 1789 4130 Ecce
1800 4085 1883 4132 ιιιιιι-

1097 4165 1162 4230 dite,
1172 4164 1194 4219 si
1209 4179 1285 4220 mens
1302 4163 1400 4218 tamdiu
1415 4164 1512 4234 potatis
1522 4164 1657 4219 erroribus
1670 4165 1754 4228 ebria,
1769 4181 1820 4222 ros
1836 4166 1883 4222 aii·

1097 4255 1160 4326 quid
1173 4269 1266 4310 sanum
1283 4255 1451 4310 considerare
1465 4255 1603 4324 permittit.
1618 4255 1657 4310 liri
1669 4265 1776 4325 propter
1789 4258 1883 4313 sedan

1096 4348 1157 4403 dam
1168 4362 1308 4418 corporum
1321 4347 1497 4417 pestilentiam
1511 4347 1588 4401 ludas
1602 4347 1652 4401 sibi
1672 4347 1794 4405 scenicos
1808 4349 1884 4406 exbi-

1096 4441 1153 4496 beri
1163 4440 1290 4509 jubebant
1311 4439 1364 4511 (e);
1381 4438 1501 4509 pontifex
1515 4448 1602 4495 autem
1617 4448 1723 4508 propter
1734 4440 1883 4498 animorum

1097 4533 1241 4589 cauendam
1256 4533 1446 4604 pestilentiam,
1462 4532 1546 4601 ipsam
1561 4545 1668 4586 metram
1687 4533 1805 4587 construi
1820 4548 1883 4603 pro·

1098 4626 1213 4684 bibebat.
1235 4624 1262 4681 st
1276 4625 1362 4694 aliqua
1377 4623 1435 4678 luce
1450 4621 1547 4676 mentis
1566 4623 1682 4675 animum
1697 4622 1804 4692 corpori
1819 4639 1884 4692 pra*

1097 4718 1204 4788 patruitis,
1219 4716 1308 4786 eligite
1322 4729 1400 4784 quem
1415 4713 1518 4768 colatis.
1531 4712 1622 4783 Neque
1634 4711 1704 4766 euim
1725 4720 1753 4767 et
1767 4712 1812 4767 iila
1826 4729 1884 4768 ror-

1099 4823 1190 4878 quorum
1206 4807 1354 4877 prestilentia
1369 4805 1429 4859 ideo
1442 4805 1602 4873 conquieuit,
1618 4804 1680 4873 quia
1694 4803 1792 4873 populo
1807 4804 1883 4860 beiti·

1096 4916 1160 4956 ceso
1173 4911 1200 4955 ct
1215 4900 1279 4953 solis
1292 4907 1368 4952 antea
1384 4896 1452 4951 ludis
1464 4895 1629 4950 circensibus
1641 4905 1750 4949 assueto
1762 4896 1883 4951 ludorum

1129 5057 1137 5088 ¹
1155 5053 1265 5104 nonnulii
1276 5060 1340 5106 tiss..
1350 5048 1447 5100 iibidirre
1457 5061 1589 5113 presan-
1599 5046 1717 5097 sicetiam
1726 5045 1767 5117 αι.Ι
1779 5045 1836 5096 766.
1856 5053 1882 5094 ti.

1128 5119 1138 5149 ¹
1154 5115 1221 5167 solus
1230 5121 1277 5175 tir,
1289 5126 1304 5162 e
1315 5112 1401 5164 talibtts
1410 5109 1511 5162 ιιοιιιιιίι
1520 5108 1614 5160 liberati
1624 5115 1779 5158 camminatas
1788 5121 1797 5158 :
1806 5111 1884 5158 minus

1096 5181 1170 5229 bene.

1127 5241 1250 5301 inlinens
1267 5237 1355 5287 theatri
1374 5237 1410 5285 sie
1429 5242 1468 5284 est
1479 5232 1622 5296 appellatus,
1640 5230 1704 5295 quod
1722 5228 1883 5302 subselliisad

1095 5308 1259 5364 spectatomm
1281 5309 1423 5347 consesum
1445 5303 1501 5359 apte
1524 5296 1655 5345 instructus
1676 5304 1758 5340 careae
1785 5298 1883 5340 immam

1094 5362 1222 5426 quamdam
1238 5359 1370 5410 rescrebat.
1383 5358 1537 5420 augustinus,
1555 5356 1596 5405 lib.
1611 5357 1620 5404 l
1634 5354 1799 5403 sistaricense
1811 5359 1883 5401 izran·

1095 5424 1253 5487 gelistarum,
1269 5435 1295 5469 n.
1311 5421 1338 5468 iii
1354 5433 1360 5467 :
1377 5436 1388 5465 ι
1404 5419 1528 5477 cadunt»
1547 5417 1638 5480 lnquit,
1654 5433 1665 5460 ι
1682 5415 1785 5486 theatra,
1801 5426 1884 5464 esrem

1100 5484 1295 5546 «turpitudinum
1308 5488 1334 5531 ct
1343 5479 1444 5543 publice
1471 5480 1620 5530 rolcssitmes
1631 5477 1784 5537 ilagittorum.
1797 5491 1808 5518 r

1127 5548 1163 5608 (b)
1175 5552 1273 5594 barram
1284 5545 1361 5592 titius
1372 5541 1427 5592 libri
1481 5543 1603 5605 epitome;
1623 5537 1701 5586 valer.
1722 5545 1780 5585 iiax.
1798 5535 1841 5584 lib.
1859 5533 1881 5597 ι,

1096 5623 1148 5671 (ap.
1158 5606 1181 5662 l,
1194 5609 1205 5679 ς
1216 5605 1244 5665 ις
1255 5606 1351 5668 ariciae.
1364 5604 1405 5654 lib.
1416 5604 1426 5652 l
1438 5603 1470 5653 dc
1482 5602 1554 5653 nctiis
1563 5599 1683 5670 civilibus
1692 5609 1746 5659 cap.
1758 5596 1798 5646 Ἅι.

1129 5680 1164 5734 ιι)
1178 5671 1256 5719 invius
1267 5666 1310 5716 bb·
1319 5668 1343 5729 i,
1355 5666 1447 5730 eap.2;
1461 5665 1538 5716 t‘aler.
1552 5672 1610 5713 ιιι.
1623 5658 1666 5710 ιιι).
1679 5658 1766 5723 zexp.
1778 5657 1803 5721 i,
1816 5656 1861 5722 ll·
