3900 6390
219 290 270 350 359

218 410 352 465 trarcnire
367 416 503 472 conantur,
525 407 558 462 ad
578 407 629 464 boe
650 414 678 461 nt
699 413 744 461 aut
764 405 835 461 aliud
856 405 1006 478 signilierre

219 499 384 555 contendant
404 496 474 568 qnod
493 496 632 553 adhibetur
652 495 830 552 testimonium
847 496 881 551 de
901 495 1009 551 Litteris

224 589 319 655 sacris,
331 596 376 642 snt
385 589 493 642 omnino
505 587 631 642 diuinitus
644 600 703 642 esse
715 586 814 642 dietum
825 596 931 658 negent.
943 585 1008 640 Nam

211 680 324 736 nullum
341 679 464 735 existimo
483 695 544 735 esse
562 680 723 745 mortalium,
738 680 856 751 quicum
875 695 923 747 ea,
941 680 1010 736 sicut

210 771 237 827 di
251 782 292 828 cta
310 780 382 839 suan,
402 771 571 836 intellexerit,
586 780 640 827 eta
654 785 758 825 summo
770 785 802 825 ac
815 786 878 824 vero
895 771 949 824 lieo
963 786 1011 840 per

212 876 246 918 ιι
258 864 325 917 imas
340 871 445 918 sanctas
464 861 533 918 dieta
552 877 611 916 esse
632 860 792 931 crediderit,
808 875 860 915 non
880 861 920 916 cis
936 861 1012 916 cedat

224 961 303 1023 atque
315 953 464 1007 consentiat
480 970 487 1006 ι
502 955 558 1008 sive
573 953 598 1007 id
609 954 687 1008 etiam
700 968 747 1008 ore
761 951 882 1018 fateatur,
897 953 954 1009 sire
966 953 1012 1007 ali·

225 1057 279 1113 quo
290 1042 355 1097 uitio
370 1044 443 1098 lateri
459 1043 609 1107 erubeseat,
620 1051 666 1097 ant
678 1051 794 1108 metuat;
809 1043 938 1098 ueletiam
951 1058 1011 1113 per-

225 1133 323 1188 vicacia
342 1128 475 1188 simillima
494 1133 619 1199 insania,
633 1132 659 1187 id
673 1131 744 1203 quod
758 1131 852 1186 ialsnm
864 1147 922 1188 esse
936 1133 1008 1187 nouit

225 1232 271 1277 aut
282 1223 383 1287 credit,
398 1233 490 1278 contra
506 1224 531 1278 ld
547 1225 617 1293 (quod
631 1238 724 1277 uerum
736 1238 797 1279 esse
809 1223 882 1278 noivit
899 1232 944 1277 ant
955 1236 1014 1277 cre·

226 1311 276 1379 dit,
287 1314 366 1367 etiam
379 1312 619 1368 contentiosissime
634 1312 778 1368 defendere
792 1314 923 1368 moliatur.

260 1402 290 1458 2.
309 1402 384 1472 Quod
404 1418 467 1474 ergo
489 1405 516 1458 iu
536 1405 702 1460 confessione
715 1421 746 1460 ac
759 1404 924 1476 professione
944 1416 1014 1462 tenet

227 1494 314 1549 omnis
331 1494 448 1550 Ecclesia
468 1495 512 1550 liei
530 1496 596 1561 ueri,
610 1497 742 1552 Cirristnm
753 1499 785 1551 de
798 1498 866 1553 coelo
878 1512 937 1552 esse
950 1512 1013 1553 uen-

228 1595 317 1639 turum
335 1584 368 1640 ad
385 1586 457 1641 uiros
476 1600 508 1642 ae
528 1595 648 1642 mortuos
664 1589 831 1657 judicandos,
847 1590 915 1643 Ιιιιιιι
933 1589 1013 1643 divini

228 1676 317 1746 iudicii
338 1677 457 1731 ultimum
476 1677 546 1734 diem
566 1679 694 1745 dicimus,
714 1680 740 1734 id
767 1689 819 1743 est,
842 1681 1015 1735 nouissimum

229 1779 343 1838 tempus.
364 1767 430 1824 Nam
450 1783 496 1840 per
514 1781 578 1840 quot
597 1770 653 1827 dies
672 1771 724 1827 boc
737 1771 863 1842 judicium
881 1773 1013 1839 tendatur,

230 1858 360 1913 incertum
384 1867 426 1914 cst
447 1877 454 1914 z
475 1862 521 1915 sed
544 1859 738 1931 scripturarum
765 1877 838 1918 more
864 1875 1013 1918 sanctarum

231 1949 301 2005 diem
316 1951 377 2019 poni
391 1951 478 2007 solere
490 1968 538 2022 pro
550 1962 681 2023 tempore,
697 1969 776 2009 nemo
788 1954 833 2023 qni
845 1954 904 2009 ilias
914 1954 1015 2010 litteras

229 2041 372 2111 quamlibet
388 2041 549 2112 negligenter
559 2043 661 2113 legerit,
672 2045 765 2099 nescit.
779 2045 841 2099 idco
854 2053 942 2098 autem
955 2061 1015 2100 cum

230 2130 301 2187 diem
320 2130 411 2200 judicii
433 2133 478 2186 uei
501 2133 623 2198 dicimus,
639 2133 759 2189 addimus
778 2135 896 2189 uitirnnm
911 2135 950 2190 vei
965 2149 1015 2190 no·

230 2219 383 2287 rissirnnm;
398 2221 458 2290 quia
476 2233 503 2277 et
521 2238 590 2277 ιιιιιιι
602 2223 710 2292 judicat,
724 2233 752 2279 et
768 2225 802 2278 ab
817 2225 922 2278 humani
937 2240 1017 2295 gene·

230 2313 268 2367 ris
288 2312 364 2366 luitio
379 2312 515 2380 judicarit,
528 2313 663 2368 dimittens
677 2315 709 2368 de
723 2315 859 2385 paradiso,
875 2327 928 2370 eta
944 2316 1016 2386 ligno

230 2405 291 2460 uitae
309 2419 433 2474 separans
450 2385 549 2475 primos
564 2408 683 2463 luomines
701 2409 800 2477 pcccati
819 2410 906 2480 inagni
921 2424 1013 2478 perpe·

231 2503 363 2551 trutines:
377 2497 430 2551 imo
448 2500 527 2554 ctiam
544 2500 649 2568 quanda
668 2500 769 2570 angelis
781 2501 950 2570 peccantibus
964 2515 1015 2556 noa

232 2587 349 2657 pepercit
363 2588 372 2657 l
380 2586 401 2642 ll
418 2587 487 2642 Petr.
498 2601 527 2655 u,
544 2590 589 2659 ll,
602 2605 715 2660 querum
730 2591 851 2660 prinecps
865 2589 987 2644 homines
999 2604 1015 2644 a

231 2678 329 2746 seipso
340 2679 497 2733 subuersus¹
514 2680 654 2735 inridendo
669 2681 807 2745 subuertit,
826 2682 916 2751 pmcnl
937 2681 1017 2737 dubio

231 2767 366 2836 iudicauit.
389 2768 443 2824 llec
460 2770 517 2825 sine
534 2771 605 2826 illius
619 2773 673 2826 alto
683 2772 808 2842 iustoque
819 2773 928 2841 judicio,
943 2784 970 2829 et
990 2775 1017 2828 in

231 2858 284 2914 boc
295 2860 368 2914 aerio
379 2860 458 2926 ooelo,
469 2869 496 2915 et
510 2860 536 2916 iu
548 2862 634 2928 terris,
645 2873 671 2916 ct
680 2862 829 2917 durannum
843 2871 870 2919 et
882 2862 1016 2917 herpinum

232 2951 380 3007 miserrima
391 2963 431 3007 cst
441 2952 504 3018 uita,
515 2954 649 3008 erroribus
663 2955 840 3024 aerumnisque
853 2955 1015 3024 plenissima.

233 3038 331 3098 Verum
344 3043 392 3097 etsi
406 3057 485 3098 nemo
499 3052 650 3112 peccasset,
669 3058 721 3098 ιιοιι
735 3044 792 3099 sine
806 3045 876 3099 bono
891 3053 1017 3113 rectoque

230 3132 330 3204 judicio
350 3133 498 3190 universam
514 3135 668 3190 rationalem
681 3146 829 3192 ereaturam
844 3151 1017 3206 perseueran-

232 3225 334 3280 tissime
346 3225 395 3281 sibi
411 3226 521 3280 Domino
540 3241 589 3281 sno
607 3228 785 3283 colimrentem
800 3229 825 3282 in
840 3238 939 3283 aeterna
954 3229 1018 3282 bea-

231 3314 344 3371 titudine
355 3316 481 3371 retineret
502 3315 605 3373 iudicat
616 3318 705 3382 etiam,
717 3332 769 3372 ιιοιι
782 3317 866 3372 solum
880 3317 1017 3371 universa-

233 3404 295 3462 titer
306 3406 447 3476 degenere
461 3406 611 3462 domomum
630 3417 708 3476 atque
726 3408 873 3470 bominum,
887 3420 917 3461 ut
928 3407 1018 3461 miseri

233 3495 288 3551 siut
311 3505 417 3567 propter
440 3497 584 3566 primorum
609 3496 732 3552 meritum
759 3505 946 3566 peecatorunr;
970 3494 1018 3550 sed

233 3587 314 3642 etiam
329 3586 364 3642 de
380 3588 543 3656 singulorum
558 3587 682 3655 operibus
700 3587 828 3657 propriis,
846 3602 905 3657 qum
925 3594 1019 3656 gerunt

234 3674 344 3729 erbitrio
353 3676 504 3740 uoluntatis.
522 3676 587 3730 Nam
601 3686 627 3730 et
641 3676 821 3732 nemorosae
836 3687 1017 3747 torqueantur,

234 3775 374 3834 precamur
396 3765 500 3835 (ιιιιιι.
522 3782 578 3826 uun
601 3765 648 3839 29)
664 3783 671 3823 :
686 3782 735 3821 nec
755 3768 845 3836 utique
863 3768 959 3835 injuste
976 3768 1018 3821 vel

234 3855 350 3924 parcitur
366 3857 420 3924 eis,
434 3858 474 3912 cel
491 3874 537 3927 pro
549 3874 594 3911 ¹-ua
606 3858 703 3928 quique
712 3858 878 3928 improbitate
892 3869 1017 3929 torquen-

233 3955 287 4003 tur.
310 3947 344 4002 Et
362 3948 483 4005 homiues
498 3951 652 4019 plerumque
668 3958 769 4019 aperte,
783 3965 888 4020 semper
906 3952 1017 4019 occulte,

235 4040 312 4097 luunt
320 4056 369 4112 pro
381 4042 437 4097 suis
449 4041 524 4097 iactis
537 4043 664 4098 diuinitus
675 4057 776 4114 pterim,
788 4045 845 4100 slve
856 4046 880 4098 in
891 4043 942 4100 bae
955 4045 1017 4112 vita,

236 4131 292 4186 sire
303 4140 361 4200 post
376 4143 486 4186 mortem
504 4134 642 4202 :quamuis
656 4136 744 4189 nullus
758 4135 892 4189 hominnm
906 4144 967 4204 agat
976 4149 1020 4190 re-

234 4228 288 4288 cte,
302 4222 351 4275 nisi
369 4222 457 4277 diuino
473 4223 611 4293 adjunctur
626 4224 739 4290 auxillo;
763 4225 850 4280 nullus
869 4225 1019 4280 daemonum

235 4322 282 4368 sut
294 4312 430 4368 bominum
444 4325 504 4384 agat
519 4315 624 4385 inique,
639 4314 689 4370 nisi
706 4314 796 4370 diuino
814 4314 959 4385 codemque
977 4315 1020 4384 in·

117 4447 136 4493 '.
157 4463 159 4466 ,
234 4405 458 4477 stissimojndieio
467 4410 644 4479 permittatur.
658 4409 731 4466 Sicut
742 4411 812 4466 enim
822 4412 858 4464 ait
867 4411 1018 4480 spostolus,

117 4496 129 4527 ’·
139 4498 166 4559 lu,
180 4506 184 4512 '
235 4495 297 4553 Non
310 4509 347 4552 est
358 4498 475 4567 iniquiter
487 4500 557 4567 opud
573 4498 653 4553 Deum
667 4499 755 4570 (Rom.
775 4516 811 4567 tx,
828 4500 887 4569 il),
904 4510 939 4562 et,
953 4500 1021 4555 sient

235 4590 293 4662 ipse
305 4589 366 4644 alibi
377 4589 449 4652 dicit,
463 4587 640 4643 inscrutabilia
650 4598 706 4644 snat
712 4590 813 4656 judicio
824 4590 879 4653 Dei,
889 4600 911 4644 et
921 4592 1022 4646 inoesd·

234 4679 328 4751 qubiles
346 4681 393 4734 ιιι
404 4681 458 4752 ejus
470 4680 479 4752 (
492 4679 534 4734 ld.
548 4695 585 4745 ιι,
598 4680 633 4736 ab
642 4680 663 4750 ).
684 4679 742 4735 lion
758 4682 837 4750 igitur
849 4681 874 4734 in
889 4681 939 4736 bne
954 4682 1021 4736 libro

235 4769 271 4827 de
283 4771 334 4825 iliis
347 4770 447 4840 primis,
461 4769 556 4827 accde
568 4770 626 4826 istis
640 4770 733 4826 mediis
747 4770 792 4826 uei
800 4769 916 4839 judiciis,
928 4771 975 4827 sed
988 4770 1021 4826 ue

240 4861 298 4930 ipso
309 4859 453 4915 notissimo
462 4859 573 4930 judicio,
585 4868 711 4931 qnantum
722 4859 779 4929 ipse
789 4860 919 4926 tribuerit,
931 4861 1022 4930 dispu-

160 4937 164 4945 ’
237 4948 309 5016 tabo,
323 4951 428 5020 qnando
441 4950 560 5005 Christus
574 4949 608 5006 de
622 4950 691 5007 coelo
702 4957 830 5006 venturus
842 4959 883 5005 est
893 4951 965 5004 uiros
976 4952 1020 5019 ju-

236 5044 370 5098 dicaturus
381 5052 409 5098 et
420 5054 547 5098 mortuos.
568 5041 620 5099 iste
633 5042 729 5114 quippe
741 5040 798 5097 dies
810 5041 901 5113 judicii
916 5043 1022 5112 proprie

234 5134 289 5204 jaun
299 5143 418 5201 vocatur,
427 5150 459 5190 eo
472 5135 543 5207 quod
558 5136 645 5191 nullus
657 5134 692 5190 ibi
702 5135 753 5190 erit
765 5134 893 5204 imperitae
906 5135 1022 5204 querelae

236 5225 321 5287 loeus,
333 5239 381 5279 cur
392 5225 504 5295 iniustus
515 5226 559 5281 ille
570 5225 604 5280 sit
617 5225 688 5290 ielis,
702 5235 729 5280 et
741 5240 790 5281 eur
799 5224 842 5280 iiie
853 5225 941 5295 justus
958 5226 1023 5281 inie-

236 5313 286 5370 iix.
306 5313 430 5368 Omnium
445 5330 558 5385 namque
577 5325 641 5372 tunc
657 5316 762 5372 nonnisi
774 5317 905 5372 bonorum
918 5331 980 5371 vera
995 5327 1023 5371 et

236 5405 314 5474 pieria
329 5404 457 5470 inlicitas,
470 5414 498 5460 et
511 5407 628 5462 omnium
643 5406 747 5464 nonnisi
761 5407 892 5468 malorum
905 5405 984 5479 digna
995 5419 1023 5467 ct

236 5510 337 5553 stttnma
351 5493 488 5551 infelicitas
499 5497 645 5567 apparebit.

268 5650 277 5682 ¹
302 5647 365 5701 r'urd.
380 5658 430 5706 nm.
445 5657 470 5700 ct
492 5649 603 5716 plerique
617 5659 668 5707 tiss.
679 5689 687 5714 ,
698 5651 820 5705 subuersas
834 5666 843 5706 :
855 5657 935 5706 minus
945 5655 1019 5707 beno.

747 291 792 349 ui.
809 290 969 349 cluimus
988 291 1056 362 usi,
1076 293 1105 350 S.
1127 288 1307 349 nuuusrmt

1064 404 1175 462 CAPUT
1190 405 1221 459 il.
1232 434 1268 445 -
1280 403 1318 457 De
1331 401 1451 456 uarietate
1466 416 1547 454 rerum
1562 400 1740 459 inalienatum,
1749 394 1793 448 cni
1801 410 1853 448 non

1099 503 1178 564 potest
1190 495 1239 548 dici
1252 493 1335 547 deesse
1343 490 1467 564 judicium
1485 489 1542 556 liei,
1557 489 1669 558 qnonrois
1687 495 1794 557 :aequent
1807 500 1852 539 re·

1097 587 1193 658 stipari.

1096 677 1171 733 llunc
1192 686 1280 732 autem
1298 685 1325 731 et
1344 676 1411 731 maia
1426 690 1502 746 aqua
1517 674 1607 729 animo
1622 672 1693 728 lerre
1709 669 1855 735 discimus,

1062 785 1121 841 quae
1142 770 1277 839 patiuntur
1296 779 1322 823 et
1342 768 1418 832 boui;
1436 776 1462 822 ιι
1477 767 1544 821 bona
1561 781 1613 821 noa
1632 761 1856 836 magnipendere,

1063 874 1121 930 qnae
1131 861 1311 929 adipiscuntur
1323 870 1349 915 et
1360 858 1432 913 mali.
1447 861 1485 913 Ac
1499 873 1550 928 per
1560 857 1611 912 boc
1621 857 1702 912 ctiam
1714 855 1743 909 in
1757 853 1801 907 bis
1813 869 1860 908 re·

1063 949 1123 1016 bus,
1138 950 1163 1004 in
1181 950 1276 1020 quibus
1297 965 1349 1004 ιιοιι
1368 957 1475 1018 apparet
1494 947 1582 1003 diuina
1600 946 1713 1017 justitia,
1727 943 1860 999 salutaris

1063 1051 1104 1098 est
1116 1041 1203 1096 diuina
1216 1040 1345 1096 doctrina.
1368 1040 1504 1096 Nescimus
1522 1041 1593 1095 enim
1614 1053 1666 1109 qno
1682 1036 1788 1107 judicio
1808 1034 1859 1089 liei

1064 1132 1149 1188 bonus
1168 1133 1211 1187 ille
1231 1135 1265 1187 sit
1285 1147 1393 1203 pauper,
1408 1133 1492 1186 malus
1505 1131 1549 1185 ille
1563 1131 1599 1186 sit
1611 1130 1685 1184 dives
1701 1146 1709 1184 a
1723 1128 1778 1184 iste
1792 1142 1861 1196 gan-

1064 1224 1135 1287 deat,
1146 1240 1224 1293 quem
1237 1240 1285 1294 pro
1294 1224 1349 1278 suis
1360 1222 1468 1294 perditis
1478 1222 1596 1277 moribus
1605 1220 1717 1275 cmciari
1728 1218 1861 1274 debuisse

1064 1316 1222 1371 moeroribns
1243 1315 1416 1379 arbitramur;
1440 1313 1611 1368 contristetur
1629 1311 1683 1377 ille,
1704 1325 1787 1380 quem
1803 1308 1860 1362 rita

1065 1405 1203 1460 laudabilis
1217 1404 1330 1475 gaudere
1343 1404 1465 1460 debuisse
1479 1403 1618 1473 persuadet
1631 1420 1639 1458 ε
1652 1408 1731 1457 exeat
1740 1400 1776 1456 de
1784 1398 1860 1468 iudi·

1065 1496 1107 1550 cio
1119 1511 1174 1551 non
1186 1497 1270 1551 solnm
1292 1496 1401 1561 inuitus,
1418 1511 1510 1551 rerum
1525 1494 1604 1550 etiam
1620 1493 1763 1548 damnatus
1777 1491 1859 1545 inno·

1066 1601 1139 1649 cens,
1153 1596 1198 1640 aut
1213 1587 1349 1656 iniquitate
1358 1584 1454 1656 judicis
1468 1600 1585 1655 pressus,
1600 1592 1646 1638 ant
1658 1582 1734 1638 ialsis
1743 1582 1861 1637 obrutus

1067 1676 1239 1741 testimoniis;
1261 1690 1277 1731 e
1299 1675 1432 1730 contrario
1454 1675 1584 1730 scelestus
1605 1672 1778 1729 aduersarius
1799 1671 1862 1741 ejus

1067 1782 1119 1821 non
1131 1767 1216 1820 solum
1233 1766 1394 1836 impunitus,
1409 1766 1592 1821 verumetiam
1606 1763 1756 1819 uindicatus
1770 1762 1861 1817 lusui-

1068 1865 1126 1912 tet:
1140 1855 1235 1924 impius
1256 1857 1355 1925 optime
1376 1855 1470 1921 valeat,
1485 1855 1544 1925 pins
1565 1855 1691 1925 languore
1714 1851 1860 1907 tabescat:

1069 1946 1260 2002 latrocinentur
1281 1945 1413 2001 sanissimi
1434 1945 1565 2014 junensem
1588 1953 1615 1999 et
1636 1943 1681 2014 qui
1702 1956 1755 1997 nee
1775 1940 1862 1997 uerbo

1067 2051 1226 2107 quemqnam
1239 2035 1335 2091 ludere
1344 2043 1496 2105 potueruut,
1507 2033 1611 2089 diuersa
1621 2033 1778 2088 morborum
1787 2041 1864 2086 atro-

1067 2129 1146 2182 citate
1155 2125 1304 2197 ailligantur
1314 2127 1426 2179 iial'antes
1441 2141 1448 2179 :
1462 2123 1532 2179 utilis
1542 2123 1755 2178 rcbnsbnmanis
1765 2123 1863 2175 imma·

1068 2227 1125 2272 tura
1148 2229 1234 2273 morte
1248 2217 1377 2286 rapiatnr3
1393 2226 1420 2272 ιι
1443 2217 1488 2287 qni
1502 2216 1625 2271 videntur
1644 2229 1693 2268 nee
1712 2214 1787 2268 nasci
1810 2211 1861 2267 de·

1068 2310 1167 2376 buisse,
1179 2309 1326 2364 diutissime
1338 2311 1445 2379 insuper
1458 2310 1547 2363 vivant
1561 2325 1567 2360 :
1583 2308 1677 2378 plenus
1693 2305 1861 2362 criminibus

1068 2399 1225 2454 sublimetur
1237 2400 1392 2465 bonoribus,
1401 2410 1427 2455 et
1437 2399 1571 2454 horulnem
1582 2398 1640 2453 siue
1656 2396 1766 2466 querela
1782 2405 1860 2450 tene-

1067 2492 1123 2546 brae
1149 2490 1319 2561 ignobilitatis
1338 2489 1500 2545 abscondant
1517 2506 1524 2543 :
1539 2500 1566 2544 ct
1584 2497 1678 2543 eaetera
1693 2485 1860 2556 hujusmodi,

1069 2597 1128 2653 quae
1141 2583 1200 2651 quis
1212 2581 1321 2651 colligit,
1336 2581 1395 2651 quis
1407 2579 1565 2635 enumerati
1578 2579 1643 2645 Quae
1652 2576 1677 2632 si
1689 2576 1824 2632 haberent
1833 2576 1860 2631 in

1069 2674 1124 2744 ipsa
1136 2675 1208 2729 velut
1224 2673 1385 2728 absurditate
1398 2671 1584 2738 constantiam,
1598 2677 1627 2723 ιιι
1641 2670 1668 2723 in
1683 2667 1735 2723 bae
1749 2667 1816 2734 rita,
1832 2666 1859 2721 in

1069 2779 1120 2834 qna
1130 2766 1214 2831 domo,
1226 2767 1294 2820 sicut
1306 2779 1381 2819 sacer
1392 2763 1512 2818 Psaimus
1521 2762 1662 2833 eloquitur,
1670 2761 1779 2814 sanitati
1787 2760 1860 2813 rinn-

1070 2857 1101 2912 ιιι
1112 2862 1194 2928 [uetus
1205 2869 1251 2924 est,
1267 2867 1289 2911 et
1301 2857 1353 2911 dies
1366 2858 1420 2928 ejus
1430 2856 1494 2909 uelut
1505 2854 1593 2909 umbro
1608 2860 1760 2924 praetereunt
1772 2850 1858 2924 (Psoi.

1069 2964 1159 3016 ιιιιιι,
1185 2950 1234 3022 l),
1261 2949 1365 3004 nonnisi
1389 2948 1452 3003 unali
1471 2946 1682 3017 adipiscerentur
1704 2944 1860 2999 transitoria

1069 3042 1136 3098 bona
1147 3043 1197 3097 ista
1210 3052 1289 3111 atque
1302 3051 1416 3107 terrena,
1429 3055 1477 3096 nee
1489 3040 1539 3094 nisi
1553 3038 1615 3093 boni
1629 3037 1690 3091 talia
1703 3045 1860 3107 paterentur

1069 3134 1148 3197 mala,
1165 3142 1253 3203 posset
1268 3133 1318 3188 boc
1337 3132 1429 3188 relerrl
1445 3132 1476 3186 ad
1488 3131 1615 3202 judicium
1626 3129 1728 3199 justum
1742 3128 1800 3194 ltei,
1817 3125 1859 3185 ret

1069 3226 1148 3279 etiam
1163 3227 1321 3295 benignum
1341 3225 1433 3294 utqui
1453 3239 1505 3277 non
1524 3229 1600 3277 erant
1618 3218 1766 3274 assecuturi
1787 3218 1859 3273 bons

1069 3327 1178 3383 aeterna,
1194 3332 1253 3386 qne
1265 3316 1365 3371 iaciunt
1378 3316 1480 3380 beatos,
1493 3310 1682 3382 temporalibus
1691 3308 1736 3364 rei
1748 3307 1858 3376 decipe·

1069 3419 1161 3464 rentur
1172 3423 1220 3499 prp
1234 3409 1332 3463 malitia
1347 3421 1404 3472 sua,
1418 3405 1459 3461 ael
1477 3419 1524 3474 pro
1537 3402 1583 3458 uei
1597 3400 1779 3456 misericordia
1793 3414 1845 3454 con

1070 3499 1220 3553 solarentur
1238 3498 1330 3562 bonis;
1354 3505 1382 3551 ιι
1402 3496 1446 3565 qui
1469 3509 1521 3549 non
1540 3501 1618 3548 erant
1636 3491 1739 3561 passuri
1758 3498 1857 3544 aeterna

1071 3598 1212 3657 tormenta,
1224 3589 1414 3659 temporalibus
1425 3587 1464 3643 uei
1477 3601 1524 3657 pro
1538 3587 1593 3640 suis
1607 3584 1820 3654 quibuscumque
1832 3592 1858 3637 et

1069 3681 1315 3751 quantuliscumque
1335 3680 1449 3750 peccatis
1471 3677 1660 3748 affligerentur,
1683 3674 1728 3730 nei
1750 3681 1859 3744 propter

1068 3771 1216 3842 implendas
1238 3772 1348 3826 uirtutes
1371 3777 1560 3826 exercerentur
1584 3767 1670 3822 malis.
1696 3765 1773 3820 Nnrm
1793 3780 1859 3819 rero

1070 3862 1175 3932 quando
1187 3877 1240 3916 nnn
1251 3861 1336 3916 solnm
1349 3861 1374 3914 iu
1386 3861 1455 3915 attalo
1465 3870 1527 3913 sunt
1539 3858 1610 3922 boni,
1623 3866 1650 3912 et
1660 3858 1686 3910 in
1699 3857 1772 3912 bono
1783 3855 1857 3919 nrali,

1070 3953 1392 4024 qnoduideturinjustum;
1402 3947 1858 4020 uerumetiamplerumqueetmalis

1071 4045 1278 4109 malaeveniunt,
1288 4056 1315 4100 ιι
1324 4044 1399 4099 bonis
1408 4045 1474 4098 borna
1486 4044 1641 4113 proueniunt
1650 4059 1656 4093 ε
1665 4041 1749 4110 magis
1759 4041 1860 4095 inscru-

1072 4137 1160 4192 nbiin
1173 4137 1342 4208 dnnljudicia
1355 4138 1400 4191 uei
1417 4138 1502 4209 (Rom.
1512 4151 1548 4200 ιιι,
1557 4135 1613 4207 55),
1622 4143 1649 4189 ιι
1662 4134 1859 4204 iuvestigabiles

1072 4223 1859 4298 viarillius.Quamuisergonesciamusquoindiciolieusista

1071 4321 1113 4375 vel
1127 4321 1215 4384 iniciat,
1227 4321 1269 4374 vel
1282 4321 1337 4374 lieri
1349 4320 1428 4386 sinat,
1442 4318 1510 4388 apud
1520 4332 1598 4388 quem
1610 4331 1713 4371 summa
1723 4318 1809 4369 virtus
1819 4325 1860 4369 est

1072 4424 1099 4468 ιι
1112 4427 1215 4475 summa
1228 4411 1368 4482 sapientia,
1382 4425 1485 4466 summa
1497 4411 1505 4441 ¹
1518 4409 1636 4480 justitia,
1655 4408 1726 4463 nulla
1747 4407 1860 4462 iullrmi·

1073 4513 1123 4566 tas,
1139 4503 1210 4558 nulla
1222 4502 1366 4569 temeritas,
1377 4502 1448 4556 nulla
1462 4501 1585 4570 iniqnitas
1598 4517 1605 4554 :
1617 4499 1759 4554 salubriter
1771 4509 1859 4554 tamea

1072 4593 1198 4652 discimus
1212 4610 1263 4648 non
1279 4593 1482 4664 magnipendere
1497 4607 1544 4647 seu
1558 4592 1696 4653 bonesen
1708 4592 1862 4659 malaque

1072 4685 1193 4742 uidemus
1206 4700 1266 4741 esse
1280 4685 1356 4740 bonis
1370 4685 1499 4754 malisque
1511 4683 1676 4748 commuuia;
1690 4691 1718 4738 et
1730 4683 1777 4737 iila
1791 4683 1861 4738 bona

1073 4792 1274 4847 quaereretque
1288 4775 1429 4842 bonorum,
1442 4784 1522 4844 atquo
1541 4774 1585 4828 ilia
1601 4774 1669 4827 maia
1687 4773 1803 4828 maxime
1818 4771 1861 4827 iu·

1073 4882 1146 4937 gere,
1160 4881 1220 4937 quae
1233 4867 1339 4936 propria
1349 4874 1410 4921 sunt
1423 4865 1563 4920 malorum.
1585 4862 1652 4919 Cum
1666 4878 1732 4919 rero
1746 4863 1780 4918 ad
1795 4863 1861 4918 illud

1073 4959 1119 5014 liei
1139 4958 1266 5033 judicium
1285 4959 1451 5019 venerimus,
1471 4956 1546 5025 eujus
1565 4963 1668 5025 tempus
1685 4955 1741 5025 ism
1756 4959 1862 5025 proprie

1073 5050 1131 5106 dies
1146 5051 1248 5120 judicii,
1267 5059 1294 5105 et
1315 5047 1459 5119 aliquando
1477 5048 1535 5102 dies
1556 5047 1658 5101 Domini
1678 5057 1861 5114 nuncupatum

1074 5155 1127 5199 non
1150 5142 1235 5195 solnm
1263 5153 1435 5207 qnmcumnue
1460 5146 1524 5191 tunc
1544 5135 1740 5200 judicabuntur,
1767 5151 1861 5189 uerum

1074 5234 1153 5289 etiam
1165 5232 1342 5303 {quacumque
1362 5230 1396 5284 ab
1419 5229 1494 5283 initio
1505 5231 1632 5296 judicata,
1646 5240 1673 5281 et
1686 5241 1862 5296 quoecumque

1074 5324 1202 5395 usquead
1215 5323 1277 5377 illud
1293 5331 1398 5392 tempus
1409 5319 1496 5375 adhuc
1505 5318 1647 5388 judicanda
1661 5327 1734 5382 sunt,
1748 5331 1861 5386 appare·

1073 5419 1139 5474 bum
1151 5431 1210 5473 esse
1221 5415 1377 5486 justissima.
1396 5413 1446 5470 Ubi
1460 5414 1510 5466 laoe
1522 5425 1627 5481 qnoque
1640 5408 1860 5467 manifestabitur,

1074 5523 1154 5582 quam
1170 5507 1241 5576 justo
1258 5505 1357 5574 iudicio
1377 5505 1421 5559 llei
1444 5504 1498 5569 luat,
1513 5511 1542 5557 nt
1561 5517 1630 5556 nunc
1650 5509 1704 5555 tam
1726 5500 1810 5555 muln
1832 5513 1862 5552 ae

1073 5619 1142 5677 pene
1158 5601 1245 5656 οιιιιιιιι
1263 5599 1332 5670 justa
1343 5596 1442 5668 judicia
1453 5595 1499 5650 ilci
1514 5608 1609 5649 sensus
1621 5599 1777 5663 uicinosque
1788 5606 1859 5648 mor·

1116 5717 1170 5765 ιιιι
1181 5713 1255 5767 uultui
1267 5717 1317 5765 iles.
1331 5716 1355 5761 ln
1366 5715 1553 5771 uqsutrunoque.
1602 5711 1630 5755 ll.
