3900 6390
142 273 194 331 tls

140 388 257 459 tissime
272 356 430 448 temeritatis
443 400 470 447 et
483 391 715 465 perniciosissime
728 396 924 470 animositatis,

139 478 262 537 dubitare
275 496 329 539 non
341 491 475 555 poterunt

138 591 252 650 cneus
271 594 459 652 nuruum-
471 595 512 652 ne
523 597 563 652 to
575 598 713 668 ponne
730 601 819 656 rora
834 619 861 658 e
873 571 924 660 nt

163 693 268 754 propter
280 695 425 755 protument
436 687 514 742 sitnm
527 687 586 755 coli,
599 689 644 744 red
658 700 762 761 propter
774 702 905 748 merrom.

173 793 199 848 1.
214 791 289 848 Nune
299 808 363 865 orgo
373 797 499 866 quoniam
511 797 647 870 deinceps,
656 809 686 854 ut
698 801 843 869 promissus
855 801 923 860 onio

136 884 246 954 expetit.
262 885 342 943 etiem
357 885 385 941 bi
398 887 534 944 retellendi
547 898 575 946 et
587 890 702 947 docendi
713 902 793 961 sutrt,
806 895 853 965 qui
867 911 921 953 non
942 921 949 961 x

136 985 245 1046 propter
254 976 332 1033 istam
343 980 436 1048 vitam,
447 980 494 1036 sed
505 992 614 1053 propter
625 983 698 1039 iilam
711 1000 771 1055 que
784 997 843 1057 post
854 1003 922 1044 mor·
937 988 943 1005 ¹

132 1073 188 1122 tent
200 1065 288 1123 lutura
300 1077 358 1136 est,
372 1068 438 1126 deos
456 1070 600 1140 Gentium,
615 1088 683 1144 quos
695 1074 837 1133 christiana
856 1079 921 1135 reli·

131 1158 178 1229 qio
189 1155 312 1226 destruit,
324 1161 451 1218 colendos
461 1176 522 1219 esse
532 1165 711 1234 contundere
725 1167 810 1237 placet
821 1185 836 1224 a
849 1172 920 1227 seri·

92 1238 95 1247 '
132 1245 193 1303 dico
205 1249 313 1304 oraculo
333 1252 418 1307 sancti
437 1252 536 1309 Psalmi
555 1268 663 1312 sumere
674 1257 812 1313 exordium
825 1259 919 1331 dispu-

132 1337 241 1394 tationis
254 1354 341 1395 meae:
357 1340 450 1396 Beatos
471 1344 545 1411 cuius
565 1354 602 1400 est
623 1345 748 1402 Dornt'nm
767 1347 838 1403 nm
860 1368 918 1422 spes

131 1427 226 1499 ipriss,
241 1437 264 1483 ct
284 1446 335 1484 non
349 1431 458 1502 respexit
469 1433 496 1488 in
509 1435 630 1490 sanitates
643 1445 666 1491 et
684 1437 798 1495 insanior
809 1441 917 1496 orendo·

131 1532 173 1574 ret
187 1517 271 1592 (Ptol.
285 1536 377 1588 xxxta,
391 1522 430 1593 5).
444 1521 633 1581 Verumtamen
644 1526 671 1582 in
682 1527 805 1584 omnibus
815 1530 917 1586 uanita-

131 1602 203 1663 tibus
216 1608 380 1680 insaniisque
391 1612 562 1669 mendacibus
580 1614 658 1685 louge
671 1616 835 1674 tolerabilius
854 1618 915 1689 pbi-

130 1697 234 1770 ¹osoplri
247 1699 371 1755 audiendi
383 1709 463 1769 sunt,
477 1703 573 1772 quibus
584 1703 778 1775 displicuerunt
790 1709 847 1764 istae
857 1711 915 1782 opi·

129 1787 224 1844 nlones
235 1803 394 1861 erroresque
405 1792 564 1862 populorum
577 1812 584 1848 ε
595 1794 641 1864 qui
662 1796 752 1867 populi
766 1799 914 1855 constituo·

127 1887 191 1934 rent
212 1880 352 1935 simulacra
376 1881 544 1947 numinibus,
559 1884 694 1954 multaque
716 1884 750 1942 de
770 1888 828 1953 cis,
846 1903 914 1959 qnos

127 1967 193 2024 deos
207 1968 370 2025 immortales
381 1980 487 2037 uocant,
502 1970 568 2026 lalsn
580 1980 660 2044 atquo
674 1972 780 2045 indique
794 1975 851 2033 site
863 1977 912 2033 ln-

126 2068 233 2126 xeruot,
247 2061 303 2117 sive
312 2062 372 2118 licta
384 2062 563 2129 crediderunt,
576 2074 603 2120 et
613 2063 713 2122 credita
726 2080 819 2122 eorum
828 2067 912 2123 cultui

125 2162 314 2222 sacrorumque
325 2151 421 2208 ritibus
433 2151 606 2209 miscuerunt.
618 2154 685 2211 Cum
696 2156 737 2213 itis
747 2157 909 2226 bominibus,

125 2239 181 2309 qui,
196 2240 246 2295 etsi
261 2255 313 2294 non
329 2241 412 2298 libere
425 2242 604 2313 predicando,
620 2245 714 2300 saltem
728 2257 869 2318 utcumque
884 2249 910 2304 in

123 2329 345 2401 tlisptttatlonibue
357 2333 533 2400 mussitando,
543 2335 605 2389 talla
616 2349 646 2391 se
658 2335 807 2407 improbare
819 2340 909 2395 testati

122 2427 201 2486 sont,
216 2435 268 2476 nnn
290 2436 374 2493 usque
396 2422 465 2480 adeo
486 2423 704 2483 inconvenienter
725 2430 837 2500 questio
858 2431 908 2488 ista

122 2518 251 2566 trtoutur
262 2529 269 2565 :
282 2522 371 2567 utrum
386 2528 440 2568 non
455 2529 536 2569 unum
550 2513 649 2580 ileum
664 2515 709 2585 qui
724 2515 788 2572 iecit
799 2530 906 2574 omnem

120 2600 287 2672 spiritualem
300 2602 519 2675 corporalemque
532 2614 691 2672 creaturam,
706 2616 815 2677 propter
825 2608 906 2663 uitam

120 2702 181 2763 quat
194 2701 379 2764 postmortem
394 2695 480 2750 lutura
493 2704 545 2763 est,
558 2697 610 2753 coli
623 2705 761 2767 oporteat;
775 2698 821 2754 sed
834 2699 905 2755 mul-

120 2793 162 2839 tos
172 2783 255 2852 deos,
268 2799 337 2855 quos
349 2783 384 2840 ab
396 2784 441 2841 iilo
455 2800 508 2841 uno
520 2784 605 2842 iactos
618 2796 644 2842 et
658 2787 808 2844 sublimiter
819 2789 904 2844 eollo·

118 2881 194 2930 catos
210 2874 318 2945 quidam
336 2875 490 2931 eorumdem
505 2877 724 2948 pbilosophorum
738 2879 842 2935 caeteris
853 2895 902 2936 et·

117 2960 287 3021 collenbotes
300 2963 497 3037 nobilioresque
508 2978 650 3023 senserunt
664 2966 714 3040 (a).

133 3053 179 3109 -2
198 3051 330 3110 Ceterum
349 3056 410 3126 quis
428 3053 497 3112 ierat
516 3056 569 3113 dici
588 3069 669 3130 atquo
681 3059 824 3128 contendi,
837 3060 902 3119 deus

116 3144 188 3211 iilos,
201 3160 313 3217 quorum
335 3146 363 3202 in
383 3155 478 3218 quarto
498 3147 567 3205 libro
585 3148 714 3220 quosdam
737 3165 902 3208 commemo·

114 3237 172 3293 rati
192 3234 285 3308 (Copp.
300 3236 332 3291 il
348 3245 372 3292 et
383 3235 449 3309 tt),
463 3239 559 3309 quibus
572 3254 661 3296 rerum
676 3242 831 3312 exiguarum
845 3244 902 3299 sin·

114 3326 183 3398 gulis
205 3326 308 3398 singula
332 3326 525 3385 distribuuntur
545 3327 652 3396 oidcia,
669 3331 750 3386 sitam
773 3342 900 3390 aeternam

114 3416 238 3488 cuiquam
253 3417 396 3488 praestaret
410 3418 451 3474 An
464 3434 529 3475 vero
542 3419 578 3475 illi
592 3422 746 3492 peritissimi
760 3432 788 3478 et
799 3425 899 3483 acutis-

114 3507 175 3563 stat
187 3508 249 3574 uini,
263 3507 307 3578 qui
320 3522 351 3564 se
364 3523 413 3578 pro
426 3524 522 3580 maqno
536 3510 665 3568 beoellcio
679 3515 831 3585 conscripta
849 3515 899 3570 do·

113 3600 202 3655 coisse
230 3598 394 3670 gloriamur,
418 3608 448 3656 nt
473 3602 586 3657 sciretur
611 3617 693 3674 quare
722 3606 817 3676 cuique
847 3606 900 3663 (leo

114 3670 314 3760 mppiieandum
329 3699 411 3757 esset,
425 3691 488 3761 quid
502 3705 518 3746 a
531 3707 638 3763 quoque
651 3702 723 3750 esset
738 3694 897 3766 petendum,

112 3795 149 3837 nc
162 3780 326 3837 absurditate
339 3782 500 3852 turpissima,
512 3784 598 3855 qualis
609 3783 764 3855 joculariter
776 3788 802 3842 in
817 3788 899 3843 mistro

114 3871 172 3929 deri
186 3874 264 3938 solet,
280 3884 437 3944 peteretura
451 3875 547 3931 Libero
560 3890 636 3947 aqua,
647 3877 800 3950 abympltis
810 3877 897 3952 (1)ιί-

113 3979 179 4023 ttttm
191 3964 243 4038 (c);
258 3975 380 4022 auctores
393 3976 471 4022 eruut
484 3967 599 4039 cuipiam
619 3968 757 4025 bominum
778 3971 829 4026 diis
848 3973 898 4026 iur-

112 4056 270 4112 rnurtulibus
284 4057 458 4128 supplicanti,
474 4066 505 4113 ut
523 4073 584 4113 cum
605 4073 621 4113 a
643 4059 770 4131 Lympbls
792 4063 898 4132 petierit

112 4143 215 4211 ebrum,
225 4144 303 4217 elque
315 4147 511 4218 responderint,
522 4148 576 4206 llos
585 4163 680 4222 aquarn
694 4150 832 4218 babemus,
846 4153 896 4210 lroe

113 4236 239 4291 alibero
252 4247 328 4306 petet
343 4239 427 4307 possit
438 4249 511 4296 reete
523 4239 624 4307 dicere,
638 4240 666 4297 Si
680 4242 768 4296 vitrum
783 4260 835 4300 non
850 4243 897 4300 lra-

112 4328 199 4392 bctis,
213 4328 306 4382 saltem
320 4327 381 4383 date
402 4329 468 4384 milri
490 4331 572 4386 vitam
590 4334 737 4386 mternaml
759 4333 828 4400 Quid
847 4334 897 4390 lrac

112 4417 277 4483 absunlitato
297 4421 477 4477 monstrosius
487 4422 514 4476 ¹l
532 4422 626 4478 Nonne
641 4423 694 4481 ille
707 4426 896 4484 cachinnantes

112 4512 213 4583 (solent
221 4511 295 4567 enim
306 4526 366 4568 esse
373 4510 406 4565 ad
419 4512 501 4568 risum
512 4512 603 4569 brolios
611 4512 661 4588 [dil
674 4515 697 4571 si
707 4531 760 4571 non
771 4517 897 4574 adnotent

112 4601 207 4659 tallere
220 4609 248 4657 ut
261 4600 405 4668 demones,
420 4602 532 4673 supplici
547 4604 755 4675 respondebunt,
768 4606 791 4662 0
803 4607 894 4676 bomo,

112 4703 225 4764 putasne
238 4695 265 4749 in
279 4699 411 4765 potestate
425 4707 474 4747 nos
494 4693 592 4749 babere
610 4695 708 4763 vitam,
729 4713 796 4767 quas
819 4698 895 4754 audis

112 4800 166 4841 non
180 4785 280 4840 babere
295 4784 338 4840 ucl
350 4783 448 4840 uiteml
463 4782 701 4853 tmpndentisstmae
716 4787 794 4858 iqitur
807 4789 894 4844 stulti·

12 4848 29 4877 ⁹
111 4874 155 4930 tin
166 4884 217 4940 est,
230 4875 312 4929 uitam
326 4882 454 4930 aeternam
468 4889 484 4929 a
499 4874 597 4930 talibus
608 4876 660 4931 dlis
672 4888 762 4948 petere
776 4879 817 4934 uel
831 4894 894 4950 spe·

10 4945 13 4957 ¹
111 4981 189 5031 rste,
201 4968 246 5036 qul
258 4967 319 5022 vitre
333 4967 412 5038 hujus
424 4966 659 5024 aerumnosissimae
671 4977 751 5040 atque
769 4969 894 5027 breuissi-

111 5069 176 5124 mte,
191 5065 218 5111 et
232 5056 255 5110 si
267 5073 318 5128 qua
329 5057 364 5112 ad
377 5074 435 5114 eam
449 5057 584 5129 pertinent
596 5050 837 5116 adntinicuiandatn
851 5073 894 5117 at·

139 5190 149 5224 ¹
166 5187 235 5238 vind.
248 5197 297 5239 tm.
306 5197 343 5240 sa.
353 5199 380 5244 et
387 5191 498 5258 plerique
507 5194 754 5254 ussnnmrtrnoenr.

110 5392 113 5397 ,
134 5270 168 5396 iit
190 5269 400 5406 tidinitsslgffipmffi
411 5342 437 5383 at
445 5341 499 5387 tiss.
509 5344 657 5410 constanter,
673 5338 790 5402 lymphis.
805 5345 893 5411 mutata

108 5391 167 5445 olim
177 5402 216 5444 est
225 5406 239 5443 a
249 5400 336 5443 tatrms
345 5393 427 5444 lettera
436 5408 450 5444 a
459 5403 539 5447 creon
551 5411 656 5456 nomme,
664 5399 779 5464 timnplttl,
790 5415 839 5466 quo
850 5416 893 5453 te·

107 5452 662 5580 ”tiltdirmtltlttt
663 5497 671 5510 ·

139 5515 180 5640 iii
191 5577 277 5628 illudit
287 5577 317 5628 ad
328 5575 387 5627 illud
396 5532 494 5640 stipiti).
508 5579 585 5644 Eclog.
597 5581 621 5639 5,
633 5595 698 5633 vers.
708 5583 725 5634 9
736 5597 743 5633 :
759 5585 826 5635 used
837 5583 892 5636 iaci·

110 5635 173 5689 «les
182 5639 294 5703 nymphae
299 5639 409 5689 risere.»
423 5641 527 5689 Tametsi
539 5653 571 5690 en
582 5641 627 5692 loci
637 5642 720 5696 baciles
730 5646 800 5698 ‹tiotae
817 5647 890 5700 imel-

107 5697 221 5763 beantur,
232 5714 280 5752 nou
291 5700 320 5752 ad
332 5699 467 5764 ridendum,
478 5700 522 5750 sed
540 5702 569 5752 ad
588 5706 773 5757 exaudiendum.

685 281 730 339 ult
743 283 904 344 ettttttn
917 287 983 355 biti,
1004 289 1033 348 S⁴
1055 293 1236 354 tttdttst‘tttt

1713 318 1768 375 178

976 418 1029 474 que
1041 404 1211 478 iniciendam,
1225 411 1261 468 ita
1276 411 1393 486 singulas
1406 420 1549 490 particulas
1558 423 1626 478 tueri
1636 439 1768 485 asserun-

976 503 1031 562 tur,
1044 506 1072 552 ιιι
1086 498 1109 554 si
1123 498 1150 554 id
1162 501 1233 573 quod
1246 503 1296 560 sub
1309 507 1417 564 alterius
1430 511 1510 565 tutela
1523 526 1555 568 ac
1567 522 1699 582 potestate
1709 526 1763 587 est,

975 596 1079 656 petatur
1090 587 1124 644 ab
1136 590 1231 658 altero,
1247 601 1300 649 tarn
1312 597 1348 652 sit
1360 597 1550 658 inconveniens
1563 612 1593 657 et
1604 605 1763 676 absurdum,

975 684 1005 731 ut
1015 677 1129 735 mimice
1138 683 1291 742 scurrilitati
1303 687 1422 745 videatur
1431 706 1492 750 esse
1500 694 1676 753 simillimum.
1684 700 1763 769 Quod

973 783 1033 824 cum
1044 771 1073 827 ltt
1083 787 1100 827 a
1111 776 1256 834 solentibus
1266 779 1362 848 mimis,
1377 782 1455 856 digne
1466 784 1587 842 ridentur
1599 787 1625 844 ln
1640 790 1781 859 tbeatru;‘

973 873 1032 915 cum
1043 877 1107 918 uero
1121 878 1136 918 a
1149 866 1329 926 nescientibus
1340 872 1439 941 stultis,
1452 872 1558 945 dignius
1572 878 1720 936 irridentur
1733 883 1762 939 in
1777 881 1782 895 '

972 949 1082 1007 mundo.
1096 952 1145 1010 Cui
1160 971 1224 1029 ergo
1236 956 1287 1015 deo
1299 960 1343 1017 nel
1352 961 1420 1030 dece,
1429 975 1539 1036 propter
1549 969 1612 1040 qnid
1625 973 1761 1043 suppilca-

971 1049 1054 1107 retur,
1066 1054 1193 1114 quantum
1206 1048 1239 1105 ad
1251 1050 1311 1106 illos
1320 1051 1386 1109 deos
1395 1055 1499 1122 attinet,
1508 1073 1577 1129 quos
1587 1061 1761 1121 instituerunt

970 1129 1139 1200 ciuitates,a
1162 1136 1249 1195 doctis
1271 1141 1385 1199 solerter
1406 1149 1543 1203 intentum
1567 1155 1759 1227 memoriaeque

969 1222 1123 1279 mandatum
1138 1235 1194 1295 est;
1211 1230 1303 1301 quida
1323 1231 1437 1304 Libero,
1450 1238 1523 1294 uerbi
1536 1241 1638 1310 gratia,
1654 1245 1719 1315 quid
1741 1261 1757 1301 a

969 1309 1105 1384 Lymphis,
1120 1317 1182 1388 quid
1197 1319 1353 1391 allulcano,
1364 1339 1396 1380 ac
1406 1325 1445 1381 sie
1458 1341 1473 1381 a
1485 1330 1600 1398 canteris,
1611 1347 1680 1403 quos
1694 1348 1759 1404 par·

968 1403 1015 1457 tim
1027 1409 1233 1464 commemoravi
1245 1411 1271 1464 in
1285 1425 1379 1481 quarto
1389 1414 1468 1482 libro,
1481 1419 1576 1488 partim
1590 1431 1757 1493 praetereun-

967 1490 1016 1548 dos
1028 1497 1126 1563 putari.
1139 1498 1223 1554 Porro
1232 1500 1255 1556 si
1267 1515 1283 1556 a
1295 1501 1392 1559 Cerere
1402 1505 1504 1575 uinum,
1514 1523 1529 1563 a
1539 1508 1636 1567 Libero
1645 1528 1755 1584 panem,

966 1581 1116 1640 niluloano
1128 1603 1242 1659 aquarn,
1260 1592 1415 1665 abymplris
1434 1597 1520 1668 ignem
1541 1609 1632 1671 petere
1651 1607 1755 1663 erroris

965 1681 1020 1741 est;
1036 1684 1135 1746 quanto
1149 1680 1257 1752 etaloris
1270 1682 1440 1743 deliramenti
1454 1704 1515 1746 esse
1528 1690 1639 1765 intelligi
1653 1695 1753 1766 debet,

965 1764 988 1819 si
1001 1766 1124 1838 cuiquam
1137 1769 1248 1828 istorum
1264 1788 1311 1844 pro
1324 1775 1376 1830 uita
1392 1778 1556 1849 supplicetur
1568 1785 1686 1840 aeternat

999 1852 1027 1910 3.
1040 1855 1229 1928 Quamobrem,
1240 1863 1274 1930 si,
1286 1877 1346 1919 curn
1358 1864 1393 1921 de
1404 1883 1487 1939 regno
1498 1877 1606 1928 terreno
1616 1890 1755 1946 quaerere·

963 1957 1033 2013 mus,
1046 1962 1175 2018 quosnam
1188 1950 1253 2007 iilud
1266 1953 1331 2011 deos
1344 1958 1385 2013 tel
1398 1956 1463 2015 deas
1474 1960 1626 2020 hominibus
1637 1968 1753 2024 creden·

962 2032 1025 2090 dum
1044 2047 1116 2094 esset
1136 2053 1214 2111 posse
1231 2043 1369 2114 conterre,
1384 2046 1512 2107 discussis
1526 2053 1651 2110 omnibus
1670 2056 1751 2129 longe

961 2127 1078 2184 alienum
1090 2132 1228 2190 anteritate
1242 2146 1418 2195 monstratum
1430 2150 1488 2210 est,
1501 2157 1516 2196 a
1529 2159 1662 2216 quoquam
1680 2149 1750 2206 isto·

960 2232 1020 2273 rum
1031 2219 1174 2276 multorum
1185 2225 1321 2282 numinum
1333 2238 1412 2299 atque
1422 2229 1549 2287 falsorum
1559 2236 1653 2292 saltem
1664 2254 1749 2311 regua

961 2319 1066 2367 terrena
1079 2315 1232 2372 existimare
1244 2319 1368 2376 constitui
1384 2339 1391 2376 :
1405 2337 1494 2380 nonne
1508 2324 1687 2386 insanissimae
1701 2331 1749 2390 im·

960 2401 1065 2471 pietatis
1079 2414 1130 2470 est,
1142 2407 1164 2461 si
1177 2416 1276 2463 aeterna
1290 2410 1354 2477 nita,
1368 2428 1428 2481 quan
1441 2416 1555 2471 terrenis
1566 2420 1692 2476 omnibus
1705 2438 1747 2478 re·

958 2493 1017 2564 pris
1026 2495 1084 2551 sine
1092 2496 1143 2551 ulla
1152 2497 1316 2556 dubitatione
1324 2503 1365 2558 tel
1373 2508 1572 2575 comparatione
1580 2508 1747 2580 pretereunda

957 2591 1016 2650 est,
1029 2585 1063 2639 ab
1078 2587 1189 2643 istorum
1202 2605 1335 2660 quoquam
1349 2591 1405 2649 dari
1420 2595 1543 2666 cuiquam
1556 2613 1635 2668 posse
1647 2603 1746 2659 creda·

957 2677 1121 2749 turiNeque
1142 2680 1215 2737 euim
1235 2692 1375 2754 propterea
1397 2685 1433 2741 dii
1453 2690 1519 2744 tales
1541 2691 1584 2746 uei
1608 2700 1744 2751 terrenum

955 2779 1066 2838 regnum
1080 2768 1143 2826 dore
1156 2785 1209 2825 non
1225 2788 1303 2843 posse
1315 2774 1364 2829 uisi
1378 2787 1456 2844 sunt,
1471 2778 1532 2849 quia
1552 2779 1589 2834 illi
1612 2783 1700 2854 moqul
1714 2794 1743 2841 et

955 2859 1051 2915 excelsi
1067 2870 1139 2928 sunt,
1153 2862 1204 2918 buc
1216 2865 1340 2935 quiddam
1354 2883 1463 2938 paruum
1477 2879 1504 2926 et
1515 2870 1659 2942 abjectum,
1670 2876 1744 2947 quod

954 2962 1007 3003 non
1031 2948 1204 3021 dignarentur
1225 2953 1252 3008 in
1276 2963 1347 3011 tanta
1372 2955 1533 3013 sublimitate
1558 2973 1664 3019 curare.
1688 2964 1743 3023 sm

953 3040 1146 3109 quantumlibet
1158 3043 1166 3074 ¹
1178 3041 1392 3102 consideratione
1404 3045 1554 3119 fragilitatis
1565 3049 1690 3108 humanae
1700 3069 1743 3110 ca-

953 3129 1036 3187 ducos
1046 3133 1134 3204 apices
1147 3136 1244 3190 terreni
1257 3137 1330 3208 reqrri
1341 3138 1436 3194 merito
1448 3142 1740 3217 qnisquecouternnat3

953 3227 1040 3284 illidii
1056 3228 1121 3283 talos
1133 3241 1322 3301 apparuerunt,
1336 3240 1365 3287 nt
1379 3232 1554 3305 indignissimi
1571 3235 1740 3309 siderentur,

952 3321 1049 3392 quibus
1063 3321 1149 3376 danda
1164 3331 1243 3394 atque
1258 3324 1387 3380 seruanda
1402 3326 1533 3383 deberent
1543 3327 1583 3384 rel
1598 3328 1648 3384 ista
1661 3344 1741 3386 oom-

951 3414 1030 3469 ntitti.
1044 3416 1083 3470 Ac
1096 3428 1144 3484 per
1158 3416 1226 3479 itoc.
1239 3417 1262 3472 si
1277 3414 1287 3490 (
1295 3425 1324 3472 ut
1337 3419 1473 3486 superiora
1490 3419 1622 3489 proximis
1633 3420 1741 3480 duobus

951 3502 1025 3560 libris
1035 3515 1194 3577 pertractata
1204 3507 1363 3581 docuerunt)
1374 3509 1462 3565 nullus
1473 3509 1581 3566 deusea
1592 3511 1635 3565 illa
1649 3513 1739 3581 turlra,

951 3596 992 3651 uel
1013 3597 1087 3667 qunsi
1109 3597 1345 3667 plebeiorutn‚uel
1357 3600 1432 3670 quasi
1449 3614 1591 3671 procerum
1605 3601 1738 3671 deorum,

950 3686 1060 3742 idoneus
1075 3695 1115 3742 cst
1129 3702 1208 3758 regna
1227 3689 1348 3744 mortalia
1366 3689 1523 3745 mortalibus
1540 3689 1622 3757 dare,
1635 3672 1739 3763 quarite

951 3778 1038 3833 ntlnus
1053 3789 1140 3849 potest
1154 3781 1317 3836 immortales
1328 3796 1361 3836 ex
1377 3781 1533 3838 mortalibus
1546 3782 1652 3839 iaceret

985 3869 1012 3924 1.
1032 3869 1089 3925 iluc
1099 3870 1203 3926 accedit
1215 3871 1295 3940 quia,
1311 3871 1332 3925 si
1346 3870 1400 3940 jam
1414 3886 1474 3926 eum
1490 3872 1542 3927 illis
1554 3872 1676 3944 agimus,
1691 3876 1738 3947 qui

949 3975 1003 4015 non
1017 3972 1124 4031 propter
1138 3962 1226 4029 istam,
1240 3963 1287 4017 sed
1303 3973 1411 4034 propter
1425 3965 1505 4019 uitam
1519 3981 1578 4035 qum
1591 3975 1651 4036 post
1663 3984 1737 4026 ntor·

950 4061 1003 4108 tem
1026 4051 1111 4106 lutura
1132 4061 1183 4118 est,
1196 4054 1349 4109 existimant
1367 4054 1496 4111 colendos
1515 4056 1596 4122 deos:
1609 4056 1666 4126 ianr
1685 4075 1738 4118 nec

949 4151 1058 4211 propter
1070 4142 1113 4196 tlta
1127 4143 1232 4208 saltum,
1245 4158 1305 4213 qum
1315 4144 1425 4199 deorum
1437 4145 1528 4201 talium
1541 4148 1666 4217 potestati
1678 4158 1737 4208 tan·

948 4247 1027 4302 quam
1041 4231 1200 4303 dispartita·
1213 4241 1241 4288 et
1261 4234 1386 4304 propria,
1400 4248 1452 4289 rron
1473 4235 1575 4292 ratione
1595 4240 1736 4308 ueritatis,

948 4323 995 4380 sed
1016 4324 1139 4379 sanitatis
1160 4324 1286 4395 opinione
1310 4326 1477 4394 tribuuntur,
1500 4329 1609 4384 omnino
1628 4331 1735 4390 colendi

947 4423 1023 4480 sunt;
1038 4414 1107 4469 sicut
1122 4413 1233 4469 eredunt
1253 4414 1280 4469 bt
1300 4415 1345 4486 qul
1359 4415 1459 4471 cultum
1474 4431 1565 4472 corum
1578 4418 1640 4474 uitae
1654 4419 1735 4490 hujus

948 4505 1067 4560 mortalis
1088 4504 1245 4560 utilitatibus
1264 4507 1444 4562 necessarium
1466 4522 1526 4564 esse
1545 4509 1733 4571 contendum:

947 4602 1039 4651 contra
1053 4609 1121 4667 quos
1132 4593 1187 4665 lam
1202 4595 1318 4666 quinque
1331 4596 1542 4667 praecedentibus
1552 4598 1734 4659 uoluminibus

947 4687 1022 4752 satis,
1033 4694 1159 4756 quantum
1174 4686 1257 4758 potui,
1269 4687 1410 4762 disputari.
1424 4687 1489 4756 Qute
1499 4702 1561 4744 cum
1575 4689 1611 4746 ita
1624 4692 1696 4757 sint,
1710 4693 1734 4751 sl

946 4791 1039 4833 eorum
1052 4778 1097 4848 qni
1110 4777 1228 4835 colerent
1239 4778 1315 4834 deam
1328 4779 1511 4847 iuventutern,
1526 4791 1592 4837 aetas
1610 4784 1667 4855 ipsa
1685 4785 1735 4841 ito·

946 4878 1020 4924 reret
1038 4869 1181 4940 insignium
1195 4877 1391 4940 contemptores
1405 4882 1495 4927 antem
1508 4872 1585 4943 ejus,
1598 4875 1641 4930 uel
1663 4877 1733 4937 intra

946 4975 1031 5016 attnos
1044 4961 1233 5017 occumberent
1242 4961 1398 5032 juventutis,
1412 4964 1455 5018 vel
1466 4963 1492 5019 in
1505 4979 1537 5020 ea
1551 4973 1676 5036 unquam
1689 4983 1734 5024 se·

945 5051 992 5107 nili
1006 5052 1133 5123 torpore⁸
1147 5051 1319 5122 itiqcsecrent
1332 5053 1371 5108 :si
1385 5054 1468 5110 malas
1479 5055 1611 5111 cultorum
1622 5071 1732 5119 snorum

945 5144 1091 5215 speciosius
1112 5155 1139 5201 et
1161 5143 1281 5201 testitius
1300 5144 1417 5201 Fortuna
1439 5146 1549 5204 barbata
1567 5150 1698 5217 vestiret:
1717 5167 1731 5207 ιι

945 5236 1041 5307 quibus
1053 5246 1140 5292 autern
1153 5245 1336 5305 sperneretur,
1350 5238 1457 5309 glabros
1467 5249 1513 5295 aut
1525 5239 1594 5296 maie
1606 5241 1732 5298 barbatos

944 5325 1096 5382 uideremus
1107 5344 1114 5380 ε
1126 5327 1205 5382 ctiam
1220 5326 1259 5382 sic
1270 5329 1417 5385 rectissime
1429 5331 1599 5398 diceremus,
1616 5331 1731 5389 buc-us·

945 5432 997 5490 que
1015 5417 1080 5474 istas
1098 5417 1162 5473 deas
1181 5416 1298 5488 singulas
1312 5432 1406 5489 posse,
1421 5421 1476 5479 suls
1489 5421 1585 5479 oltnts
1596 5422 1729 5493 quodom-

948 5600 952 5606 ·
977 5590 987 5622 ¹
1003 5588 1040 5638 sle
1051 5595 1103 5638 ttss.
1115 5587 1174 5638 miti
1185 5600 1253 5650 uero,
1265 5591 1416 5654 mmtolr'bct.

973 5650 984 5682 ¹
1001 5657 1041 5700 ιιι
1052 5650 1107 5711 illd,
1122 5648 1269 5713 dispertito..
1288 5658 1317 5700 tt.

976 5710 988 5744 ⁸
1002 5710 1038 5762 sic
1050 5719 1101 5761 ttss.
1114 5719 1142 5764 tt
1152 5710 1220 5773 editi,
1234 5723 1341 5776 eornm.
