3900 6390
240 313 292 370 aab

242 443 316 497 tam,
332 431 378 487 scd
391 445 449 487 eam
462 442 522 502 quar
536 429 590 500 jam
603 427 709 494 inerat,
724 423 824 496 Spiritu
837 431 929 478 sorrcto
945 419 1029 475 ririir·

218 569 222 583 .
241 531 339 579 catam.
355 522 442 578 liutet
454 521 526 577 coint
540 535 596 586 eos,
612 517 683 591 quod
698 518 824 574 Dominus
835 515 912 571 lesus
926 521 1032 585 postea-

223 621 319 687 'quam
329 614 476 671 resurrexit
489 629 504 668 a
519 611 650 676 mortuis,
668 608 832 674 insufflavit,
848 606 940 662 dicens
952 604 1031 660 disci-

239 707 309 780 pulis
320 707 395 773 suis,
410 705 521 776 Accipite
533 702 659 774 Spiritum
673 708 786 755 sanctum
799 696 889 770 (loun.
905 711 941 750 xx
951 735 960 763 ,
972 693 1030 765 ιι).

240 799 317 857 Unde
331 800 385 854 tale
404 797 504 869 aliquid
526 796 681 853 existimant
694 793 791 849 lactum
803 832 811 859 ,
825 789 904 861 quale
918 796 981 844 tunc
993 788 1032 842 la·
1069 798 1073 806 ·

239 901 313 948 ctum
325 900 366 947 est
381 907 388 946 :
404 891 481 962 quasi
501 897 528 945 et
548 890 591 944 liic
610 894 718 943 secutus
730 883 899 955 Evangelista
912 880 1030 946 dixerit,

240 985 274 1040 Et
295 983 356 1039 lacti
377 992 439 1038 snm
458 983 483 1037 in
505 980 621 1036 animam
635 980 778 1034 visentem.
792 974 867 1046 Quod
888 973 996 1046 quidem
1009 972 1032 1027 si

240 1075 340 1133 dictum
352 1132 353 1140 ,
364 1082 454 1142 essct,
471 1075 521 1130 lmc
545 1073 773 1143 intelligeremus,
788 1067 859 1139 guod
883 1065 1031 1122 animarum

240 1167 362 1237 tguaedam
375 1167 428 1221 vita
441 1167 475 1221 sit
486 1165 601 1236 Spiritus
614 1163 661 1218 liei
673 1205 682 1230 ,
695 1163 753 1217 sine
773 1175 827 1232 quo
839 1161 936 1214 anima
950 1159 1033 1213 ratio·

242 1257 316 1314 nales
329 1266 441 1313 mortum
454 1254 614 1326 deputando
632 1262 713 1321 sunt,
728 1251 847 1323 quamvis
860 1263 950 1306 earum
965 1262 1033 1318 pro-

242 1352 328 1408 tentio
340 1351 429 1406 virere
442 1364 553 1418 corpora
568 1347 717 1404 rideantur.
732 1344 785 1402 Sed
798 1360 850 1400 non
866 1344 900 1398 ita
914 1341 1031 1408 iactum,

242 1440 349 1511 quando
367 1449 408 1497 est
420 1440 542 1495 conditus
556 1438 657 1505 homo,
673 1437 738 1492 saris
753 1437 808 1506 ipsa
823 1434 881 1490 libri
895 1433 976 1489 rerba
994 1442 1033 1488 te-

241 1538 365 1595 stantur,
381 1545 440 1600 qrrrc
452 1530 488 1584 ita
500 1545 530 1584 se
545 1528 644 1583 babent
660 1541 668 1581 ι
684 1525 718 1581 Ει
734 1526 850 1596 formarit
870 1523 937 1580 oens
951 1523 1033 1578 itomi·

243 1638 300 1676 nem
313 1622 440 1690 puluerem
452 1621 484 1674 de
505 1630 571 1674 terro
583 1622 603 1673 ¹.
618 1619 694 1686 Quod
710 1618 815 1689 nitidam
830 1616 935 1689 planius
955 1616 1035 1672 inter·

242 1712 399 1784 pretaodum
412 1720 535 1782 potantes
548 1710 684 1776 dixerunt,
694 1709 728 1762 Et
739 1709 813 1778 pinsit
828 1708 896 1761 licor
908 1706 1033 1761 bominem

242 1804 274 1859 de
289 1804 348 1859 iimo
360 1812 442 1858 terrm.
457 1803 588 1870 Quoniam
602 1801 725 1872 superius
740 1800 838 1855 dictum
849 1797 945 1864 iuerat,
962 1796 1033 1851 Fons

241 1903 325 1948 uatem
344 1893 492 1948 ascendebat
513 1894 544 1948 ιε
556 1903 623 1946 terra
635 1932 644 1960 ,
658 1901 681 1946 ει
693 1890 814 1963 irrigabat
833 1904 932 1960 conruent
943 1889 1032 1959 faciem

242 1994 316 2042 terro
328 1984 403 2060 (Gen.
419 2001 456 2051 ιι,
472 1985 507 2045 i.
523 1985 550 2056 6)
567 2002 574 2039 :
590 1993 620 2039 ut
632 1999 664 2040 ει
679 1984 730 2039 boc
742 1984 822 2038 limus
844 1980 1032 2053 intelligendus

241 2077 396 2144 rideretur,
413 2077 525 2132 humore
548 2077 650 2132 scilicet
672 2083 794 2147 terraque
816 2082 966 2129 concretus.
981 2071 1032 2127 Ubi

241 2171 313 2226 coim
326 2169 377 2226 boc
390 2170 489 2225 dictum
499 2179 559 2233 est.
576 2169 703 2224 coritinuo
713 2167 853 2239 sequitur,
869 2164 902 2219 Et
916 2163 1032 2236 [omont

244 2261 310 2315 Deus
323 2260 447 2315 nontinem
468 2260 595 2331 puluerem
609 2259 640 2313 de
650 2269 716 2314 terro
730 2273 739 2313 :
754 2258 822 2313 sicut
837 2255 915 2327 graeci
927 2253 1032 2310 codices

242 2352 358 2418 babent,
376 2352 446 2407 unde
458 2352 487 2406 io
501 2351 608 2406 latinam
625 2350 740 2420 linguam
755 2348 892 2420 Scriptura
906 2347 955 2401 ista
967 2361 1032 2402 con·

241 2458 317 2498 uersa
331 2452 372 2499 est
386 2442 435 2514 (nl.
458 2443 521 2499 Sirc
534 2451 622 2498 autem
646 2440 781 2506 inroravit,
796 2440 853 2495 site
865 2439 957 2508 lirrcb,
973 2437 1032 2508 giris

241 2533 331 2590 dicero
344 2533 478 2602 voluerit,
494 2533 564 2605 quod
585 2547 672 2603 grace
685 2531 782 2587 dicitur
794 2537 910 2594 tolano,
926 2529 959 2585 ad
972 2544 1031 2586 reru

241 2625 310 2680 nibil
332 2627 442 2681 interest
458 2640 465 2679 :
481 2625 565 2696 magis
586 2635 673 2679 tameo
692 2623 799 2694 proprio
813 2623 910 2678 dicitur
923 2664 930 2687 ‚
945 2621 1030 2690 liunt.

240 2716 293 2774 Sed
315 2717 472 2787 ambiguitas
487 2717 541 2772 risa
557 2725 598 2771 cst
617 2714 759 2771 devitanda
774 2715 832 2779 eis,
847 2715 892 2784 qui
913 2714 1032 2784 {orruerit

240 2810 330 2866 dicere
343 2810 513 2876 maluerunt,
529 2825 562 2865 co
576 2809 645 2880 guod
659 2809 684 2863 in
700 2808 779 2863 latina
791 2808 880 2879 lingua
895 2807 960 2862 illud
973 2823 1031 2863 ma·

239 2903 280 2971 gis
295 2901 408 2957 obtinuit
420 2901 604 2968 consuetudo,
619 2910 647 2956 ut
669 2900 695 2956 lii
709 2899 832 2955 dicantur
852 2898 971 2969 ingere,
986 2898 1030 2968 qni

239 2993 337 3065 aliquid
351 2993 491 3050 mendacio
503 2993 645 3050 simulante
657 2999 821 3062 componunt
829 2991 850 3043 ¹.
862 2991 938 3046 llunc
952 2989 1031 3060 igitur

239 3085 381 3142 loricatum
396 3086 532 3143 bominem
544 3084 578 3142 de
592 3096 669 3141 terrae
683 3085 802 3156 pulvere,
815 3084 872 3139 sire
887 3083 950 3138 limo
963 3083 1031 3156 (erat

238 3179 310 3234 euim
324 3178 410 3250 pultis
422 3179 594 3251 humectus);
610 3176 691 3246 bunc,
702 3177 824 3248 inquam,
836 3185 865 3231 ut
877 3176 1030 3247 expressius

238 3269 324 3325 dicam
336 3311 344 3335 ,
358 3270 428 3325 sicut
436 3269 572 3340 Scriptura
587 3269 674 3325 locuta
688 3276 729 3325 est
741 3309 748 3333 ‚
762 3267 931 3338 patrarentur
943 3275 1029 3332 toro,

238 3360 353 3417 animale
374 3375 471 3431 corpus
490 3360 589 3416 iactum
611 3374 671 3416 esse
689 3358 767 3414 docet
787 3356 948 3428 Apostolus,
968 3371 1033 3411 cum

238 3451 354 3508 animam
375 3453 487 3523 accepit.
503 3451 537 3506 m
558 3456 641 3524 [octor
654 3458 691 3505 est
711 3450 762 3505 iste
784 3448 858 3503 domo
871 3451 898 3503 in
919 3449 1030 3502 animum

238 3545 358 3599 uirentem
372 3560 383 3602 r
397 3544 425 3600 id
446 3554 505 3613 cst,
520 3543 654 3600 formatus
674 3544 724 3598 iste
737 3540 824 3612 pulvis
844 3540 929 3595 iactus
949 3550 990 3596 est
1002 3540 1030 3597 iu

239 3637 353 3692 animam
368 3637 511 3692 riventem.

273 3727 302 3785 2.
322 3728 391 3792 tam.
412 3728 544 3800 inquiunt,
560 3725 675 3782 habebat
697 3724 824 3790 animam,
841 3722 958 3794 alioquin
977 3736 1029 3777 noo

238 3821 418 3892 appellaretur
435 3821 515 3875 homo
530 3836 537 3874 :
552 3819 678 3890 quoniam
696 3816 778 3873 bomo
797 3830 850 3870 non
871 3823 913 3870 est
932 3828 1030 3885 corpus

239 3914 335 3978 solum,
349 3912 392 3969 rel
405 3913 492 3967 antima
512 3911 579 3976 sola,
596 3908 645 3965 scd
666 3909 758 3979 quiex
778 3907 866 3962 anima
885 3913 990 3962 constat
1002 3913 1030 3962 et

239 4018 361 4074 corpore.
387 4001 443 4057 lloc
465 4001 571 4073 quidem
595 4014 687 4056 rerum
710 4008 761 4065 εει,
787 3996 861 4068 quod
882 4013 936 4052 riou
957 4005 1029 4053 totus

240 4098 331 4162 brimo,
346 4096 392 4153 sed
407 4111 469 4168 pars
487 4095 582 4152 melior
594 4095 709 4150 hominis
721 4095 809 4149 anima
826 4102 883 4160 est3
899 4108 948 4149 uec
959 4101 1030 4148 totus

239 4187 437 4257 horoscopus,
452 4187 499 4242 sed
514 4186 624 4242 inferior
637 4185 753 4241 bominis
763 4200 825 4256 pars
834 4195 875 4241 est
889 4183 954 4240 :scd
967 4199 1028 4240 cum

238 4288 281 4333 est
295 4288 435 4345 utrumque
456 4279 626 4349 conjunctum
647 4277 737 4341 simui,
754 4276 833 4333 babet
852 4276 966 4332 bominis
981 4291 1029 4332 no·

227 4383 318 4435 ·mco;
341 4369 412 4439 orrod
434 4378 522 4424 tamen
547 4377 578 4424 ot
595 4368 697 4440 singula
717 4382 769 4423 non
794 4370 928 4432 amittunt.
947 4367 1028 4423 etiam

238 4474 300 4516 cum
314 4459 348 4515 de
359 4460 470 4531 singulis
484 4460 626 4530 loquimur.
641 4459 705 4529 Quis
718 4460 788 4514 euim
801 4459 891 4515 dicere
905 4458 1030 4531 pmbibe-

238 4560 283 4605 tur
297 4551 442 4621 quotidiani
463 4550 648 4623 quadamlcgo
664 4550 806 4614 sermonis,
822 4550 908 4605 llomo
924 4549 968 4606 ille
979 4550 1028 4607 de-

238 4642 346 4700 iunctus
360 4652 411 4710 cst,
425 4652 452 4700 et
468 4658 540 4699 nuuc
552 4644 578 4698 in
592 4642 684 4712 renuie
696 4652 738 4697 est
750 4642 792 4697 vel
811 4642 837 4697 in
853 4642 954 4712 poeois;
967 4657 1032 4698 cum·

238 4736 274 4793 ιι
294 4739 381 4793 aalma
401 4738 456 4793 sola
470 4737 555 4807 possit
575 4736 626 4792 boc
640 4735 693 4791 dici
708 4752 715 4788 ι
731 4745 768 4801 ει,
782 4734 829 4789 lllu
846 4743 893 4789 ant
910 4734 956 4791 illo
969 4735 1028 4791 loco

240 4828 321 4884 bomo
335 4829 379 4884 llle
390 4828 510 4898 sepultus
524 4835 565 4883 εει
576 4843 584 4893 ;
598 4842 658 4882 cum
671 4825 723 4881 boc
735 4824 791 4881 nisi
798 4825 832 4881 de
844 4826 902 4881 solo
915 4840 1028 4895 corpore

239 4935 293 4978 non
309 4921 393 4991 possit
408 4918 538 4991 intelligi?
551 4918 591 4974 bn
607 4918 709 4975 dicturi
723 4925 796 4985 sunt,
814 4916 854 4972 sie
867 4916 938 4988 loqui
953 4915 1027 4974 Scri·

267 5104 277 5137 ¹
294 5101 515 5153 urdoricnsvires:
525 5096 680 5162 septuaginta
690 5092 923 5155 sierertcruutpttui
932 5091 1029 5159 epicam

236 5161 468 5217 ordenatonootltr
556 5157 771 5222 coronatorum
787 5155 872 5220 cespes
887 5168 897 5207 .·
915 5154 1028 5222 stiram

236 5235 302 5278 Deus
311 5223 438 5284 beminen,
449 5238 482 5288 pu
492 5236 546 5274 uere
557 5223 587 5271 ιε
598 5229 665 5272 terra
679 5226 780 5284 otntpto.
798 5220 908 5281 suspicor
919 5218 965 5268 boc
979 5228 1027 5268 nu·

236 5290 327 5350 gustlni
342 5286 395 5338 loeo
405 5287 495 5336 deesse
506 5297 581 5334 unum
591 5283 707 5344 verbum;
719 5291 747 5332 ut
756 5283 796 5336 sit.
809 5279 892 5332 Finxit
904 5288 969 5331 bertr
983 5279 1028 5331 ito-

236 5351 333 5410 minero,
345 5349 466 5419 puluerem
483 5345 581 5458 lcopricae
592 5345 623 5395 de
634 5350 717 5456 t‘ttrrrng
726 5351 768 5395 aut
784 5345 809 5421 iu
819 5342 935 5416 ablativum·
945 5341 1028 5454 &neit

235 5410 1027 5544 dodam:tt.tttt⁶tl‘tt}tttadtltlll?nntt

235 5535 430 5587 desultooaocm
440 5531 688 5596 pulceroodcterra.

267 5599 279 5632 ¹
295 5596 462 5660 aliquorum..
474 5590 781 5654 rimolametcomponunt.
845 5651 850 5663 Ι
947 5651 952 5663 ¹

266 5659 304 5724 (a)
317 5657 427 5709 ostendit
435 5653 687 5707 orimusasmctestas
697 5653 762 5704 luter
793 5657 901 5703 clauom
911 5649 1026 5724 latmscx

236 5714 755 5832 msefflffl'fflpwmw
788 5712 1026 5777 terpretarlotuem·

235 5783 344 5848 uptuiex

773 309 817 367 DE
835 302 995 366 elimato
1013 302 1078 372 DEI,

1095 305 1125 362 s.
1145 300 1328 367 ouousrm
1822 317 1877 374 ιω

1086 428 1190 488 pturam
1211 436 1263 476 ooo
1282 422 1368 478 solcrc
1381 421 1513 478 divinam?
1526 422 1581 479 imo
1594 439 1658 479 roro
1678 424 1726 479 illa
1745 426 1781 480 ita
1796 427 1876 482 nobis
1893 440 1899 493 ι

1085 510 1112 565 iu
1127 510 1178 566 boc
1198 520 1349 580 attestatur,
1364 522 1392 568 ut
1411 513 1490 568 etiam
1513 530 1573 570 cum
1588 514 1641 569 dno
1663 516 1711 571 ista
1731 506 1896 588 cottjuncta'

1084 612 1146 658 suot
1156 611 1184 658 et
1194 605 1260 659 vivit
1271 605 1361 672 bomo,
1375 613 1464 660 tameo
1477 606 1555 661 etiam
1577 606 1678 676 singula
1694 606 1809 664 bominis
1824 597 1892 718 ιιι-Ιι

1084 694 1302 765 cabuloappellet
1311 711 1318 761 ;
1328 696 1444 750 animam
1454 696 1556 752 scilicet
1565 696 1717 753 interiorem
1725 697 1873 764 ltonrioero.
1885 726 1887 731 >

1084 797 1180 855 carptis
1192 800 1256 841 vero
1274 786 1434 842 exteriorem
1448 786 1582 842 bominem
1598 803 1696 843 vocaus
1710 787 1744 860 (ll
1761 787 1820 844 Cor.
1837 806 1873 854 tv,

1084 877 1141 949 ld),
1154 889 1278 949 tanquam
1293 879 1347 935 duo
1356 879 1410 935 siut
1424 879 1556 946 homines,
1569 894 1627 935 cnm
1643 880 1722 936 simul
1732 891 1875 952 utrumqne

1085 969 1121 1024 sit
1145 969 1226 1024 bomo
1244 986 1324 1024 unus.
1351 970 1403 1025 Sed
1428 970 1624 1042 intelligendum
1653 980 1703 1035 est,
1726 972 1874 1027 secundum

1084 1062 1146 1134 quid
1160 1061 1264 1118 dicatur
1284 1063 1365 1119 bomo
1377 1063 1411 1118 ad
1433 1063 1574 1134 imaginem
1589 1065 1646 1131 lici,
1660 1071 1688 1119 ct
1706 1066 1785 1120 lrotno
1802 1073 1873 1120 terra

1085 1163 1164 1226 atque
1177 1157 1262 1212 iturus
1274 1157 1301 1211 in
1312 1168 1419 1213 terram.
1434 1157 1499 1212 lilud
1513 1158 1584 1213 enim
1599 1157 1744 1213 secundum
1756 1158 1873 1213 animam

1085 1249 1239 1305 rationalem
1252 1249 1358 1315 dicitur,
1382 1249 1489 1320 qualem
1506 1251 1576 1306 Deus
1589 1250 1759 1317 insufflando,
1775 1252 1829 1316 ccl,
1850 1253 1872 1305 si

1085 1339 1251 1394 commodius
1265 1340 1371 1406 dicitur,
1385 1340 1647 1411 inspirandoindidit
1661 1342 1771 1407 bononi,
1791 1342 1817 1397 id
1832 1352 1874 1397 est

1086 1428 1201 1486 ltmninis
1213 1432 1318 1501 corpori
1334 1449 1341 1486 ι
1355 1432 1405 1487 boc
1425 1441 1514 1487 autem
1529 1434 1673 1489 secundum
1687 1448 1794 1503 corpus,
1808 1448 1872 1504 qua·
1925 1484 1930 1495 ,

1086 1523 1139 1579 Ιειιι
1160 1523 1293 1580 bominem
1315 1523 1385 1580 licus
1402 1523 1479 1580 linxit
1500 1539 1534 1581 ex
1553 1526 1670 1596 puluere.
1692 1526 1734 1581 cui
1749 1526 1811 1582 dota
1832 1536 1875 1582 est

1084 1616 1182 1680 antima,
1194 1626 1224 1671 ut
1237 1615 1314 1672 deret
1326 1631 1422 1687 corpus
1435 1616 1559 1683 animale,
1575 1616 1601 1672 id
1620 1625 1662 1673 est
1676 1615 1757 1673 bomo
1770 1616 1798 1673 io
1812 1616 1872 1673 aui·

1085 1723 1155 1762 marn
1169 1707 1312 1763 virentem.

1120 1798 1147 1853 ι.
1167 1797 1334 1870 Quapropter
1353 1797 1380 1854 in
1401 1812 1434 1854 eo
1452 1797 1523 1870 quod
1539 1799 1750 1866 Dominusiecit‚
1766 1799 1878 1872 quaudo

1085 1887 1228 1943 insuiilarit
1246 1888 1348 1957 dicens
1368 1889 1478 1961 Accipite
1499 1889 1625 1961 Spiritum
1645 1900 1769 1956 mactum,
1791 1893 1878 1947 nimi*

1084 1995 1143 2035 rum
1157 1979 1208 2036 lroc
1222 1980 1332 2050 intelligi
1347 1982 1440 2046 soluit,
1464 1981 1535 2052 guod
1556 1981 1670 2051 Spiritus
1691 1991 1800 2039 sanetus
1819 1997 1877 2040 non·

1085 2082 1185 2128 tantum
1199 2073 1234 2128 sit
1254 2073 1351 2143 Patris,
1365 2089 1457 2131 rerum
1472 2074 1551 2129 etiam
1565 2072 1698 2146 lluigeoiti
1718 2075 1802 2146 ipsius
1813 2076 1873 2148 Spi-

1083 2165 1160 2220 ritus.
1174 2163 1248 2220 ldem
1262 2165 1318 2237 ipse
1330 2164 1428 2237 quippe
1441 2164 1554 2236 Spiritus
1568 2175 1647 2222 estet
1662 2165 1749 2222 Patris
1760 2175 1789 2222 et
1800 2167 1876 2236 Filii,-

1083 2272 1142 2314 cum
1154 2274 1207 2329 quo
1223 2267 1265 2314 εει
1281 2259 1396 2314 Trinitas
1408 2258 1487 2315 Pater
1499 2268 1527 2314 et
1540 2258 1623 2314 Filius
1637 2268 1664 2315 et
1677 2259 1793 2331 Spiritus
1811 2275 1873 2317 sam

1082 2356 1152 2417 ctus,
1172 2358 1375 2416 concreatura,
1397 2349 1444 2404 scd
1459 2348 1579 2406 Creator.
1595 2349 1688 2429 Neque
1702 2351 1773 2406 euim
1794 2350 1871 2407 ssatus

1083 2440 1128 2496 ille
1145 2456 1289 2513 corporeus
1308 2440 1343 2497 de
1368 2443 1455 2498 camis
1480 2458 1526 2498 ore
1550 2443 1698 2513 procedens
1724 2444 1876 2500 substantia

1083 2543 1142 2592 erat
1152 2535 1266 2607 Spiritus
1286 2535 1370 2591 sancti
1392 2544 1471 2605 alnum
1484 2545 1589 2602 natura,
1602 2536 1650 2593 sed
1663 2536 1752 2607 potius
1771 2537 1871 2608 signiti-

1082 2630 1162 2698 catlo,
1176 2643 1229 2699 qua
1241 2627 1458 2697 intelligeremus,
1474 2637 1504 2684 ut
1516 2627 1584 2696 diri,
1598 2628 1727 2699 Spiritum
1749 2639 1869 2685 sanctum

1083 2722 1153 2778 Patri
1174 2735 1233 2777 esse
1253 2720 1373 2792 Filioque
1395 2735 1563 2775 communem
1579 2737 1585 2775 :
1600 2721 1661 2792 guia
1680 2735 1734 2776 non
1754 2728 1816 2776 sunt
1832 2721 1875 2778 eis-

1082 2812 1194 2884 singnlis
1210 2812 1317 2882 singuli,
1332 2811 1378 2867 sed
1393 2825 1460 2866 unus
1472 2811 1611 2867 amborum
1628 2821 1679 2867 est.
1695 2810 1809 2882 Semper
1822 2826 1874 2866 aue

1083 2914 1137 2960 teto
1161 2904 1211 2959 iste
1237 2903 1351 2973 Spiritus
1371 2903 1397 2958 iu
1423 2901 1569 2973 scripturis
1591 2902 1691 2957 satietis
1711 2916 1801 2972 grano
1821 2915 1868 2957 ro·

1081 2995 1176 3051 cabulo
1190 3004 1280 3063 πνεῦμα
1294 2993 1399 3060 dieitur,
1419 2994 1488 3050 siem
1504 3009 1566 3050 eum
1588 3003 1615 3048 ει
1637 2993 1687 3048 Ιιοε
1700 2993 1760 3049 loco
1774 2992 1865 3049 Domi-

1082 3103 1132 3144 nus
1151 3085 1299 3157 appellarit,
1315 3085 1421 3156 quando
1445 3099 1506 3140 eum
1520 3084 1667 3155 corporalis
1681 3085 1721 3140 sui
1736 3085 1793 3140 oris
1806 3084 1867 3141 llutu

1081 3180 1244 3252 significans,
1268 3179 1405 3250 discipulis
1424 3179 1481 3233 suis
1503 3177 1576 3234 dedit
1591 3185 1639 3234 :et
1659 3178 1726 3234 locis
1745 3178 1874 3233 omnibus·

1081 3271 1230 3328 divinorum
1248 3271 1413 3341 eloquiorum
1428 3284 1482 3325 uon
1495 3268 1559 3325 mibi
1574 3269 1652 3325 aliter
1666 3285 1781 3342 unquam
1801 3286 1867 3326 nun·

1081 3374 1192 3434 cupatus
1204 3362 1330 3418 occurrit.
1342 3361 1391 3417 llic
1402 3375 1478 3428 vero,
1491 3361 1537 3416 ubi
1551 3361 1657 3430 legitur,
1671 3359 1705 3415 Et
1715 3361 1792 3426 >imit
1802 3361 1867 3417 um

1081 3457 1206 3511 bominem
1218 3455 1343 3527 puluerem
1357 3455 1388 3510 de
1400 3465 1477 3523 terro,
1489 3464 1513 3509 et
1535 3454 1678 3526 insufflanit,
1693 3454 1750 3510 sire
1760 3455 1867 3526 inspiro·
1901 3489 1903 3493 ι

1080 3549 1114 3605 cit
1123 3550 1150 3603 in
1164 3549 1254 3623 [miror
1262 3549 1318 3618 eiua
1326 3548 1443 3618 spiritum
1450 3548 1527 3613 ritoe,·
1540 3562 1592 3602 non
1605 3547 1643 3602 ait
1653 3561 1757 3617 graecus
1768 3557 1866 3615 mcor.

1080 3638 1151 3711 quod
1176 3639 1245 3694 solet
1267 3639 1319 3694 diei
1345 3637 1459 3709 Spiritus
1480 3647 1603 3704 sanctus,
1626 3637 1673 3693 sed
1695 3637 1871 3707 mtszquod·

1081 3744 1178 3785 nomen
1199 3728 1359 3784 increatum
1374 3743 1453 3799 quam
1468 3726 1635 3783 increatum
1653 3727 1816 3798 irenuentius
1830 3727 1867 3782 le·

1080 3820 1172 3891 gitur:
1186 3818 1258 3874 unde
1276 3818 1397 3874 ooooulli
1411 3818 1491 3874 etiam
1503 3816 1603 3885 Latini,
1617 3824 1726 3888 propter
1741 3816 1865 3875 differen-

1082 3913 1156 3980 tlam,
1171 3911 1222 3968 boc
1234 3909 1392 3968 vocabulum
1414 3925 1468 3966 noo
1483 3909 1616 3979 spiritum,
1640 3907 1688 3965 scd
1707 3908 1799 3965 ilatum
1819 3923 1866 3979 ap-

1080 4003 1181 4074 pellare
1197 4002 1357 4058 maluerunt.
1371 4001 1428 4058 lloc
1440 4000 1512 4057 etnim
1525 4010 1567 4056 est
1578 4001 1604 4056 io
1618 4014 1707 4072 gracco
1725 4001 1805 4057 etiam
1823 4000 1869 4056 illo

1080 4098 1140 4154 loco
1153 4095 1223 4167 apud
1241 4093 1347 4161 baiam
1361 4093 1407 4149 ubi
1428 4093 1498 4149 licus
1510 4092 1585 4162 dicit,
1602 4091 1709 4148 Omnem
1720 4094 1810 4164 {tntum
1823 4109 1873 4165 egr

1080 4189 1130 4259 [eci
1144 4186 1220 4259 (lsai.
1235 4201 1301 4253 ιιιι,
1313 4185 1359 4252 ld,
1379 4201 1429 4241 aec.
1445 4183 1661 4258 LX1)‚omoem
1677 4186 1793 4241 animam
1810 4186 1873 4242 sinc

1080 4278 1246 4336 dubitatione
1258 4276 1419 4349 signiticaos.
1434 4275 1510 4345 onou
1529 4276 1621 4347 itaque
1628 4290 1716 4347 grace
1729 4288 1788 4340 mn
1803 4275 1867 4332 dici-

1082 4384 1133 4439 tur,
1158 4372 1242 4427 nostri
1269 4369 1412 4441 aliquando
1437 4368 1541 4437 ilatum,
1566 4368 1709 4441 aliquando
1734 4369 1865 4440 spiritum,

1080 4461 1222 4534 aliqnando
1241 4462 1454 4532 inspirationem,
1466 4460 1510 4516 rel
1529 4458 1748 4531 adspirationem,
1762 4459 1872 4532 quando·

1080 4555 1161 4611 ctiam
1181 4553 1227 4610 liei
1248 4553 1353 4621 dieitur,
1378 4551 1542 4630 interpretati
1565 4552 1643 4608 sunt¹
1659 4568 1666 4605 :
1680 4562 1783 4621 πνεῦμα,
1805 4566 1867 4608 rero

1081 4662 1214 4717 nunquam
1245 4645 1297 4701 nisi
1317 4646 1457 4716 spiritum;
1478 4644 1534 4699 sire
1556 4644 1681 4712 hominis,
1705 4642 1740 4701 de
1760 4658 1814 4716 quo
1832 4643 1869 4699 ait

1081 4740 1235 4810 Apostolus,
1252 4739 1315 4807 Quis
1327 4740 1393 4794 eninr
1405 4739 1451 4793 scit
1466 4738 1594 4793 ionrionm
1606 4752 1663 4808 quc
1676 4748 1736 4794 runt
1749 4738 1865 4803 bomilia,

1080 4834 1130 4887 oiri
1142 4834 1246 4905 spiritur
1258 4832 1367 4887 bominis
1379 4832 1422 4901 gni
1434 4832 1460 4885 io
1471 4832 1527 4902 ipso
1538 4841 1575 4886 εει
1587 4830 1608 4903 (i
1622 4827 1680 4887 cor.
1693 4845 1725 4901 ιι,
1736 4832 1803 4896 ttlt
1812 4831 1867 4887 siva

1080 4924 1196 4994 pecoris,
1211 4923 1280 4978 sicut
1298 4922 1324 4976 io
1340 4921 1488 4978 Salomonis
1504 4921 1574 4976 libro
1594 4920 1724 4993 scriptum
1738 4929 1791 4988 εει,
1807 4920 1868 4991 Quia

1080 5018 1128 5071 scit
1146 5017 1168 5071 ri
1188 5016 1293 5087 spiritns
1307 5014 1414 5068 noninir
1426 5013 1546 5068 ascendat
1564 5028 1665 5069 tanum
1684 5013 1712 5068 in
1725 5013 1828 5080 coeirra,
1846 5019 1873 5068 ιι

1080 5109 1183 5177 spirituo
1196 5107 1292 5178 pecoris
1304 5104 1438 5161 descendat
1447 5106 1563 5161 deorsum
1575 5106 1602 5160 in
1615 5115 1709 5160 terrum
1719 5105 1816 5176 (Eccie.
1829 5121 1874 5176 ιιι,-

1079 5198 1145 5271 Sl)?
1166 5198 1222 5254 site
1243 5197 1323 5252 istum
1340 5211 1508 5267 corporeum,
1529 5197 1574 5269 qui
1594 5197 1674 5253 etiam
1694 5207 1791 5254 reatus
1804 5197 1866 5254 dici·
1890 5193 1901 5259 i

1079 5300 1124 5346 tur
1138 5309 1145 5345 :
1160 5304 1221 5345 nam
1233 5289 1291 5360 ejus
1310 5288 1360 5344 boc
1379 5303 1477 5344 nornen
1493 5296 1544 5355 est,
1566 5288 1610 5345 ubi
1626 5291 1653 5345 io
1672 5288 1782 5346 Psalmo
1800 5288 1870 5345 cani·
1893 5352 1896 5357 ‚

1080 5397 1133 5453 tur,
1157 5384 1239 5457 ignis,
1265 5382 1372 5457 arando,
1394 5384 1449 5454 nic,
1470 5384 1573 5454 glucies,
1592 5383 1695 5455 spiritur
1719 5380 1876 5454 teutpertotir

1080 5477 1165 5553 (Psoi.
1179 5493 1287 5543 cruori,
1299 5476 1328 5550 8)
1346 5495 1353 5531 z
1368 5477 1492 5548 sisciam
1506 5491 1559 5552 nou
1580 5484 1711 5542 creatum,
1727 5475 1775 5533 sed
1791 5473 1869 5532 cre·-

1081 5583 1177 5641 torem,
1192 5572 1261 5628 sicut
1280 5579 1321 5627 est
1332 5569 1366 5627 de
1378 5585 1431 5641 quo
1445 5569 1509 5626 dicit
1527 5569 1656 5625 Dominus
1677 5569 1704 5625 iu
1717 5567 1870 5641 Eraogelio,
1892 5640 1897 5658 .

1079 5710 1174 5826 ⁸¹azksic
1187 5714 1241 5761 ltss.
1258 5713 1286 5759 ιι
1297 5704 1365 5770 editi,
1376 5700 1507 5771 oiigumtdc
1516 5702 1590 5756 etium
1606 5700 1713 5756 ωιιιιιιιι
1724 5699 1877 5768 brim
