<?xml version="1.0" encoding="UTF-8"?>
<!DOCTYPE html PUBLIC "-//W3C//DTD XHTML 1.0 Transitional//EN"
    "http://www.w3.org/TR/xhtml1/DTD/xhtml1-transitional.dtd">
<html xmlns="http://www.w3.org/1999/xhtml" xml:lang="en" lang="en">
 <head>
  <title>
</title>
<meta http-equiv="Content-Type" content="text/html;charset=utf-8" />
  <meta name='ocr-system' content='tesseract 3.04.00' />
  <meta name='ocr-capabilities' content='ocr_page ocr_carea ocr_par ocr_line ocrx_word'/>
</head>
<body>
  <div class='ocr_page' id='page_1' title='image "./sanctiaureliiau04augugoog/sanctiaureliiau04augugoog_0134.png"; bbox 0 0 3900 6390; ppageno 0'>
   <div class='ocr_carea' id='block_1_1' title="bbox 153 413 952 5464">
    <p class='ocr_par' dir='ltr' id='par_1_1' title="bbox 155 413 930 493">
     <span class='ocr_line' id='line_1_1' title="bbox 155 413 930 493; baseline -0.015 -13"><span class='ocrx_word' id='word_1_1' title='bbox 155 441 207 480; x_wconf 91' lang='lat' dir='ltr'>non</span> <span class='ocrx_word' id='word_1_2' title='bbox 222 423 262 480; x_wconf 89' lang='lat' dir='ltr'>els</span> <span class='ocrx_word' id='word_1_3' title='bbox 275 422 418 493; x_wconf 78' lang='lat' dir='ltr'>iungimus.</span> <span class='ocrx_word' id='word_1_4' title='bbox 429 419 494 478; x_wconf 79' lang='lat' dir='ltr'>Cum</span> <span class='ocrx_word' id='word_1_5' title='bbox 507 432 570 474; x_wconf 84' lang='lat' dir='ltr'>uero</span> <span class='ocrx_word' id='word_1_6' title='bbox 584 431 718 481; x_wconf 78' lang='lat' dir='ltr'>sanamur,</span> <span class='ocrx_word' id='word_1_7' title='bbox 733 423 761 471; x_wconf 97' lang='grc' dir='ltr'>ιιι</span> <span class='ocrx_word' id='word_1_8' title='bbox 775 415 867 487; x_wconf 84' lang='lat' dir='ltr'>quoles</span> <span class='ocrx_word' id='word_1_9' title='bbox 879 413 930 487; x_wconf 77' lang='lat' dir='ltr'>ipsi</span> 
     </span>
    </p>

    <p class='ocr_par' dir='ltr' id='par_1_2' title="bbox 155 507 937 584">
     <span class='ocr_line' id='line_1_2' title="bbox 155 507 937 584; baseline -0.013 -10"><span class='ocrx_word' id='word_1_10' title='bbox 155 529 227 579; x_wconf 86' lang='lat' dir='ltr'>sunt.</span> <span class='ocrx_word' id='word_1_11' title='bbox 239 519 337 584; x_wconf 89' lang='lat' dir='ltr'>simus;</span> <span class='ocrx_word' id='word_1_12' title='bbox 348 517 400 573; x_wconf 87' lang='lat' dir='ltr'>lide</span> <span class='ocrx_word' id='word_1_13' title='bbox 410 515 514 572; x_wconf 91' lang='lat' dir='ltr'>iuterim</span> <span class='ocrx_word' id='word_1_14' title='bbox 525 513 576 569; x_wconf 90' lang='lat' dir='ltr'>illis</span> <span class='ocrx_word' id='word_1_15' title='bbox 589 512 803 583; x_wconf 72' lang='lat' dir='ltr'>propinquamus,</span> <span class='ocrx_word' id='word_1_16' title='bbox 814 509 837 564; x_wconf 89' lang='lat' dir='ltr'>si</span> <span class='ocrx_word' id='word_1_17' title='bbox 846 507 880 564; x_wconf 86' lang='lat' dir='ltr'>ab</span> <span class='ocrx_word' id='word_1_18' title='bbox 890 507 937 564; x_wconf 91' lang='lat' dir='ltr'>illo</span> 
     </span>
    </p>

    <p class='ocr_par' dir='ltr' id='par_1_3' title="bbox 155 599 937 680">
     <span class='ocr_line' id='line_1_3' title="bbox 155 599 937 680; baseline -0.017 -12"><span class='ocrx_word' id='word_1_19' title='bbox 155 629 204 668; x_wconf 91' lang='lat' dir='ltr'>nos</span> <span class='ocrx_word' id='word_1_20' title='bbox 218 612 276 669; x_wconf 84' lang='lat' dir='ltr'>lieri</span> <span class='ocrx_word' id='word_1_21' title='bbox 287 610 387 674; x_wconf 62' lang='lat' dir='ltr'>matos,</span> <span class='ocrx_word' id='word_1_22' title='bbox 402 624 418 665; x_wconf 92' lang='lat' dir='ltr'>a</span> <span class='ocrx_word' id='word_1_23' title='bbox 431 622 483 680; x_wconf 91' lang='lat' dir='ltr'>quo</span> <span class='ocrx_word' id='word_1_24' title='bbox 501 615 529 663; x_wconf 89' lang='lat' dir='ltr'>et</span> <span class='ocrx_word' id='word_1_25' title='bbox 542 606 591 677; x_wconf 84' lang='lat' dir='ltr'>ipsi</span> <span class='ocrx_word' id='word_1_26' title='bbox 604 604 666 661; x_wconf 89' lang='lat' dir='ltr'>laeti</span> <span class='ocrx_word' id='word_1_27' title='bbox 684 612 756 671; x_wconf 89' lang='lat' dir='ltr'>suut,</span> <span class='ocrx_word' id='word_1_28' title='bbox 780 601 858 658; x_wconf 88' lang='lat' dir='ltr'>etiam</span> <span class='ocrx_word' id='word_1_29' title='bbox 872 599 937 672; x_wconf 80' lang='lat' dir='ltr'>ipsis</span> 
     </span>
    </p>

    <p class='ocr_par' dir='ltr' id='par_1_4' title="bbox 154 701 451 760">
     <span class='ocr_line' id='line_1_4' title="bbox 154 701 451 760; baseline -0.01 0"><span class='ocrx_word' id='word_1_30' title='bbox 154 701 451 760; x_wconf 81' lang='lat' dir='ltr'>tarenunusersutnos.</span> 
     </span>
    </p>

    <p class='ocr_par' dir='ltr' id='par_1_5' title="bbox 153 782 938 954">
     <span class='ocr_line' id='line_1_5' title="bbox 153 782 938 864; baseline -0.017 -11"><span class='ocrx_word' id='word_1_31' title='bbox 153 796 268 856; x_wconf 77' lang='lat' dir='ltr'>catur</span> <span class='ocrx_word' id='word_1_32' title='bbox 286 796 423 853; x_wconf 70' lang='lat' dir='ltr'>ml.-</span> <span class='ocrx_word' id='word_1_33' title='bbox 433 795 508 864; x_wconf 82' lang='lat' dir='ltr'>Quod</span> <span class='ocrx_word' id='word_1_34' title='bbox 515 793 594 850; x_wconf 88' lang='lat' dir='ltr'>ornnis</span> <span class='ocrx_word' id='word_1_35' title='bbox 601 789 688 864; x_wconf 77' lang='lat' dir='ltr'>reiiqio</span> <span class='ocrx_word' id='word_1_36' title='bbox 702 788 862 860; x_wconf 82' lang='lat' dir='ltr'>Puqunorrrm</span> <span class='ocrx_word' id='word_1_37' title='bbox 870 782 938 840; x_wconf 78' lang='lat' dir='ltr'>eires</span> 
     </span>
     <span class='ocr_line' id='line_1_6' title="bbox 332 881 761 954; baseline -0.023 -11"><span class='ocrx_word' id='word_1_38' title='bbox 332 881 761 954; x_wconf 74' lang='lat' dir='ltr'>bominesmortuosiueritiurpletu.</span> 
     </span>
    </p>

    <p class='ocr_par' dir='ltr' id='par_1_6' title="bbox 154 968 945 3436">
     <span class='ocr_line' id='line_1_7' title="bbox 190 968 936 1048; baseline -0.023 -6"><span class='ocrx_word' id='word_1_39' title='bbox 190 985 219 1041; x_wconf 85' lang='lat' dir='ltr'>i.</span> <span class='ocrx_word' id='word_1_40' title='bbox 237 982 308 1041; x_wconf 84' lang='lat' dir='ltr'>Sane</span> <span class='ocrx_word' id='word_1_41' title='bbox 321 979 510 1038; x_wconf 79' lang='lat' dir='ltr'>advertendum</span> <span class='ocrx_word' id='word_1_42' title='bbox 522 986 564 1034; x_wconf 90' lang='lat' dir='ltr'>est</span> <span class='ocrx_word' id='word_1_43' title='bbox 574 974 707 1048; x_wconf 92' lang='lat' dir='ltr'>quomodo</span> <span class='ocrx_word' id='word_1_44' title='bbox 723 973 773 1028; x_wconf 92' lang='lat' dir='ltr'>iste</span> <span class='ocrx_word' id='word_1_45' title='bbox 786 968 936 1041; x_wconf 74' lang='lat' dir='ltr'>AEqyntius,</span> 
     </span>
     <span class='ocr_line' id='line_1_8' title="bbox 155 1061 940 1144; baseline -0.018 -10"><span class='ocrx_word' id='word_1_46' title='bbox 155 1093 217 1135; x_wconf 87' lang='lat' dir='ltr'>eum</span> <span class='ocrx_word' id='word_1_47' title='bbox 227 1074 330 1133; x_wconf 90' lang='lat' dir='ltr'>doleret</span> <span class='ocrx_word' id='word_1_48' title='bbox 341 1083 445 1144; x_wconf 84' lang='lat' dir='ltr'>tempus</span> <span class='ocrx_word' id='word_1_49' title='bbox 454 1085 514 1127; x_wconf 89' lang='lat' dir='ltr'>esse</span> <span class='ocrx_word' id='word_1_50' title='bbox 526 1077 672 1131; x_wconf 82' lang='lat' dir='ltr'>uentumm,</span> <span class='ocrx_word' id='word_1_51' title='bbox 684 1079 737 1136; x_wconf 92' lang='lat' dir='ltr'>quo</span> <span class='ocrx_word' id='word_1_52' title='bbox 749 1063 792 1118; x_wconf 83' lang='lat' dir='ltr'>ills</span> <span class='ocrx_word' id='word_1_53' title='bbox 802 1061 940 1117; x_wconf 80' lang='lat' dir='ltr'>auferren-</span> 
     </span>
     <span class='ocr_line' id='line_1_9' title="bbox 156 1154 939 1241; baseline -0.027 -13"><span class='ocrx_word' id='word_1_54' title='bbox 156 1175 200 1228; x_wconf 85' lang='lat' dir='ltr'>tur</span> <span class='ocrx_word' id='word_1_55' title='bbox 212 1186 245 1227; x_wconf 87' lang='lat' dir='ltr'>ex</span> <span class='ocrx_word' id='word_1_56' title='bbox 260 1168 386 1241; x_wconf 75' lang='lat' dir='ltr'>AEqynto,</span> <span class='ocrx_word' id='word_1_57' title='bbox 398 1181 458 1236; x_wconf 79' lang='lat' dir='ltr'>qun·</span> <span class='ocrx_word' id='word_1_58' title='bbox 477 1164 574 1218; x_wconf 84' lang='lat' dir='ltr'>latetur</span> <span class='ocrx_word' id='word_1_59' title='bbox 586 1176 602 1216; x_wconf 90' lang='lat' dir='ltr'>a</span> <span class='ocrx_word' id='word_1_60' title='bbox 622 1159 731 1214; x_wconf 91' lang='lat' dir='ltr'>multum</span> <span class='ocrx_word' id='word_1_61' title='bbox 750 1154 898 1212; x_wconf 87' lang='lat' dir='ltr'>errantibus</span> <span class='ocrx_word' id='word_1_62' title='bbox 910 1160 939 1209; x_wconf 87' lang='lat' dir='ltr'>et</span> 
     </span>
     <span class='ocr_line' id='line_1_10' title="bbox 154 1245 938 1324; baseline -0.024 -5"><span class='ocrx_word' id='word_1_63' title='bbox 154 1261 309 1324; x_wconf 86' lang='lat' dir='ltr'>incredulis,</span> <span class='ocrx_word' id='word_1_64' title='bbox 328 1267 357 1315; x_wconf 90' lang='lat' dir='ltr'>et</span> <span class='ocrx_word' id='word_1_65' title='bbox 375 1268 390 1312; x_wconf 88' lang='lat' dir='ltr'>a</span> <span class='ocrx_word' id='word_1_66' title='bbox 411 1255 484 1312; x_wconf 85' lang='lat' dir='ltr'>uultu</span> <span class='ocrx_word' id='word_1_67' title='bbox 503 1253 599 1310; x_wconf 78' lang='lat' dir='ltr'>divine</span> <span class='ocrx_word' id='word_1_68' title='bbox 619 1249 752 1321; x_wconf 68' lang='lat' dir='ltr'>religionis</span> <span class='ocrx_word' id='word_1_69' title='bbox 765 1245 865 1303; x_wconf 84' lang='lat' dir='ltr'>auersis</span> <span class='ocrx_word' id='word_1_70' title='bbox 877 1256 938 1301; x_wconf 80' lang='lat' dir='ltr'>esso</span> 
     </span>
     <span class='ocr_line' id='line_1_11' title="bbox 155 1344 938 1423; baseline -0.023 -10"><span class='ocrx_word' id='word_1_71' title='bbox 155 1358 286 1423; x_wconf 87' lang='lat' dir='ltr'>instituta,</span> <span class='ocrx_word' id='word_1_72' title='bbox 297 1356 335 1410; x_wconf 88' lang='lat' dir='ltr'>ait</span> <span class='ocrx_word' id='word_1_73' title='bbox 346 1355 414 1411; x_wconf 89' lang='lat' dir='ltr'>inter</span> <span class='ocrx_word' id='word_1_74' title='bbox 425 1364 519 1409; x_wconf 77' lang='lat' dir='ltr'>crotera</span> <span class='ocrx_word' id='word_1_75' title='bbox 530 1370 537 1407; x_wconf 83' lang='grc' dir='ltr'>ι</span> <span class='ocrx_word' id='word_1_76' title='bbox 549 1350 622 1406; x_wconf 81' lang='lat' dir='ltr'>Tune</span> <span class='ocrx_word' id='word_1_77' title='bbox 640 1359 706 1403; x_wconf 84' lang='lat' dir='ltr'>terro</span> <span class='ocrx_word' id='word_1_78' title='bbox 718 1349 767 1401; x_wconf 88' lang='lat' dir='ltr'>isto</span> <span class='ocrx_word' id='word_1_79' title='bbox 781 1344 938 1400; x_wconf 78' lang='lat' dir='ltr'>sanctissimo</span> 
     </span>
     <span class='ocr_line' id='line_1_12' title="bbox 154 1435 939 1517; baseline -0.022 -11"><span class='ocrx_word' id='word_1_80' title='bbox 154 1451 228 1505; x_wconf 83' lang='lat' dir='ltr'>seties</span> <span class='ocrx_word' id='word_1_81' title='bbox 245 1449 404 1504; x_wconf 86' lang='lat' dir='ltr'>dciubrorttm</span> <span class='ocrx_word' id='word_1_82' title='bbox 425 1456 498 1517; x_wconf 85' lang='lat' dir='ltr'>atquc</span> <span class='ocrx_word' id='word_1_83' title='bbox 518 1443 677 1513; x_wconf 84' lang='lat' dir='ltr'>templorum,</span> <span class='ocrx_word' id='word_1_84' title='bbox 701 1440 873 1510; x_wconf 81' lang='lat' dir='ltr'>sepuiemrum</span> <span class='ocrx_word' id='word_1_85' title='bbox 892 1435 939 1490; x_wconf 90' lang='lat' dir='ltr'>erit</span> 
     </span>
     <span class='ocr_line' id='line_1_13' title="bbox 155 1529 941 1610; baseline -0.019 -13"><span class='ocrx_word' id='word_1_86' title='bbox 155 1550 359 1608; x_wconf 81' lang='lat' dir='ltr'>mortuorumque</span> <span class='ocrx_word' id='word_1_87' title='bbox 367 1539 520 1610; x_wconf 72' lang='lat' dir='ltr'>plenissima.</span> <span class='ocrx_word' id='word_1_88' title='bbox 532 1535 610 1602; x_wconf 82' lang='lat' dir='ltr'>Quasi</span> <span class='ocrx_word' id='word_1_89' title='bbox 623 1548 695 1599; x_wconf 81' lang='lat' dir='ltr'>uero,</span> <span class='ocrx_word' id='word_1_90' title='bbox 706 1532 728 1586; x_wconf 92' lang='lat' dir='ltr'>sl</span> <span class='ocrx_word' id='word_1_91' title='bbox 741 1532 785 1586; x_wconf 81' lang='lat' dir='ltr'>iile</span> <span class='ocrx_word' id='word_1_92' title='bbox 794 1529 941 1585; x_wconf 67' lang='lat' dir='ltr'>nonnuier·</span> 
     </span>
     <span class='ocr_line' id='line_1_14' title="bbox 155 1622 941 1696; baseline -0.015 -8"><span class='ocrx_word' id='word_1_93' title='bbox 155 1639 259 1696; x_wconf 75' lang='lat' dir='ltr'>rentur,</span> <span class='ocrx_word' id='word_1_94' title='bbox 275 1645 327 1686; x_wconf 93' lang='lat' dir='ltr'>non</span> <span class='ocrx_word' id='word_1_95' title='bbox 339 1637 428 1686; x_wconf 87' lang='lat' dir='ltr'>essent</span> <span class='ocrx_word' id='word_1_96' title='bbox 440 1628 559 1683; x_wconf 85' lang='lat' dir='ltr'>nomines</span> <span class='ocrx_word' id='word_1_97' title='bbox 570 1626 701 1692; x_wconf 85' lang='lat' dir='ltr'>morituri,</span> <span class='ocrx_word' id='word_1_98' title='bbox 715 1633 761 1679; x_wconf 91' lang='lat' dir='ltr'>aut</span> <span class='ocrx_word' id='word_1_99' title='bbox 772 1622 833 1677; x_wconf 87' lang='lat' dir='ltr'>alibi</span> <span class='ocrx_word' id='word_1_100' title='bbox 849 1627 941 1678; x_wconf 86' lang='lat' dir='ltr'>essent</span> 
     </span>
     <span class='ocr_line' id='line_1_15' title="bbox 156 1714 940 1794; baseline -0.011 -15"><span class='ocrx_word' id='word_1_101' title='bbox 156 1724 256 1780; x_wconf 90' lang='lat' dir='ltr'>mortui</span> <span class='ocrx_word' id='word_1_102' title='bbox 267 1722 381 1794; x_wconf 84' lang='lat' dir='ltr'>ponendi</span> <span class='ocrx_word' id='word_1_103' title='bbox 394 1737 472 1793; x_wconf 86' lang='lat' dir='ltr'>quum</span> <span class='ocrx_word' id='word_1_104' title='bbox 487 1722 513 1775; x_wconf 93' lang='lat' dir='ltr'>in</span> <span class='ocrx_word' id='word_1_105' title='bbox 530 1729 616 1777; x_wconf 85' lang='lat' dir='ltr'>terre:</span> <span class='ocrx_word' id='word_1_106' title='bbox 632 1728 659 1775; x_wconf 90' lang='lat' dir='ltr'>et</span> <span class='ocrx_word' id='word_1_107' title='bbox 670 1720 760 1788; x_wconf 91' lang='lat' dir='ltr'>utique</span> <span class='ocrx_word' id='word_1_108' title='bbox 772 1714 940 1787; x_wconf 69' lang='lat' dir='ltr'><strong>quantoplus</strong></span> 
     </span>
     <span class='ocr_line' id='line_1_16' title="bbox 155 1811 941 1885; baseline -0.009 -13"><span class='ocrx_word' id='word_1_109' title='bbox 155 1818 308 1873; x_wconf 72' lang='lat' dir='ltr'>volveretur</span> <span class='ocrx_word' id='word_1_110' title='bbox 320 1816 446 1885; x_wconf 75' lang='lat' dir='ltr'>temporis</span> <span class='ocrx_word' id='word_1_111' title='bbox 456 1824 485 1872; x_wconf 89' lang='lat' dir='ltr'>et</span> <span class='ocrx_word' id='word_1_112' title='bbox 502 1815 615 1879; x_wconf 88' lang='lat' dir='ltr'>dierum,</span> <span class='ocrx_word' id='word_1_113' title='bbox 627 1821 701 1868; x_wconf 87' lang='lat' dir='ltr'>tnnto</span> <span class='ocrx_word' id='word_1_114' title='bbox 714 1811 798 1882; x_wconf 80' lang='lat' dir='ltr'>major</span> <span class='ocrx_word' id='word_1_115' title='bbox 808 1820 879 1867; x_wconf 89' lang='lat' dir='ltr'>esset</span> <span class='ocrx_word' id='word_1_116' title='bbox 891 1825 941 1866; x_wconf 72' lang='lat' dir='ltr'>nu·</span> 
     </span>
     <span class='ocr_line' id='line_1_17' title="bbox 156 1905 939 1978; baseline -0.009 -15"><span class='ocrx_word' id='word_1_117' title='bbox 156 1922 247 1964; x_wconf 88' lang='lat' dir='ltr'>merus</span> <span class='ocrx_word' id='word_1_118' title='bbox 259 1906 450 1975; x_wconf 80' lang='lat' dir='ltr'>sepulcrorum,</span> <span class='ocrx_word' id='word_1_119' title='bbox 462 1915 569 1978; x_wconf 79' lang='lat' dir='ltr'>propter</span> <span class='ocrx_word' id='word_1_120' title='bbox 580 1905 705 1974; x_wconf 83' lang='lat' dir='ltr'>majorem</span> <span class='ocrx_word' id='word_1_121' title='bbox 716 1918 854 1959; x_wconf 89' lang='lat' dir='ltr'>urrmerum</span> <span class='ocrx_word' id='word_1_122' title='bbox 866 1914 939 1957; x_wconf 64' lang='lat' dir='ltr'>mors</span> 
     </span>
     <span class='ocr_line' id='line_1_18' title="bbox 157 1996 938 2068; baseline -0.003 -14"><span class='ocrx_word' id='word_1_123' title='bbox 157 2009 274 2055; x_wconf 88' lang='lat' dir='ltr'>tuorum.</span> <span class='ocrx_word' id='word_1_124' title='bbox 288 1999 341 2055; x_wconf 84' lang='lat' dir='ltr'>Seri</span> <span class='ocrx_word' id='word_1_125' title='bbox 354 1998 404 2053; x_wconf 87' lang='lat' dir='ltr'>boe</span> <span class='ocrx_word' id='word_1_126' title='bbox 416 1998 627 2064; x_wconf 83' lang='lat' dir='ltr'>rideturdolere,</span> <span class='ocrx_word' id='word_1_127' title='bbox 641 1998 710 2068; x_wconf 88' lang='lat' dir='ltr'>quod</span> <span class='ocrx_word' id='word_1_128' title='bbox 721 1996 856 2053; x_wconf 76' lang='lat' dir='ltr'>memoriae</span> <span class='ocrx_word' id='word_1_129' title='bbox 866 2008 938 2052; x_wconf 68' lang='lat' dir='ltr'>murt·</span> 
     </span>
     <span class='ocr_line' id='line_1_19' title="bbox 157 2083 940 2163; baseline -0.001 -18"><span class='ocrx_word' id='word_1_130' title='bbox 157 2102 247 2163; x_wconf 83' lang='lat' dir='ltr'>tyrum</span> <span class='ocrx_word' id='word_1_131' title='bbox 260 2098 410 2145; x_wconf 88' lang='lat' dir='ltr'>nostrorum</span> <span class='ocrx_word' id='word_1_132' title='bbox 426 2091 530 2160; x_wconf 86' lang='lat' dir='ltr'>templis</span> <span class='ocrx_word' id='word_1_133' title='bbox 549 2103 640 2145; x_wconf 90' lang='lat' dir='ltr'>eorum</span> <span class='ocrx_word' id='word_1_134' title='bbox 662 2083 832 2159; x_wconf 75' lang='lat' dir='ltr'>delubrisque</span> <span class='ocrx_word' id='word_1_135' title='bbox 845 2101 940 2144; x_wconf 62' lang='lat' dir='ltr'>susce*</span> 
     </span>
     <span class='ocr_line' id='line_1_20' title="bbox 156 2178 941 2253; baseline -0.005 -15"><span class='ocrx_word' id='word_1_136' title='bbox 156 2183 253 2238; x_wconf 89' lang='lat' dir='ltr'>derent</span> <span class='ocrx_word' id='word_1_137' title='bbox 268 2200 276 2239; x_wconf 78' lang='grc' dir='ltr'>ι</span> <span class='ocrx_word' id='word_1_138' title='bbox 294 2189 324 2237; x_wconf 93' lang='lat' dir='ltr'>nt</span> <span class='ocrx_word' id='word_1_139' title='bbox 336 2182 457 2238; x_wconf 80' lang='lat' dir='ltr'>videlieet</span> <span class='ocrx_word' id='word_1_140' title='bbox 477 2182 522 2253; x_wconf 89' lang='lat' dir='ltr'>qul</span> <span class='ocrx_word' id='word_1_141' title='bbox 541 2181 597 2236; x_wconf 89' lang='lat' dir='ltr'>iruee</span> <span class='ocrx_word' id='word_1_142' title='bbox 616 2181 705 2251; x_wconf 76' lang='lat' dir='ltr'>iequnt</span> <span class='ocrx_word' id='word_1_143' title='bbox 726 2181 815 2236; x_wconf 91' lang='lat' dir='ltr'>animo</span> <span class='ocrx_word' id='word_1_144' title='bbox 834 2178 941 2236; x_wconf 84' lang='lat' dir='ltr'>euobis</span> 
     </span>
     <span class='ocr_line' id='line_1_21' title="bbox 157 2272 941 2347; baseline -0.005 -14"><span class='ocrx_word' id='word_1_145' title='bbox 157 2291 253 2333; x_wconf 86' lang='lat' dir='ltr'>arerso</span> <span class='ocrx_word' id='word_1_146' title='bbox 267 2286 345 2347; x_wconf 86' lang='lat' dir='ltr'>atque</span> <span class='ocrx_word' id='word_1_147' title='bbox 366 2290 501 2346; x_wconf 74' lang='lat' dir='ltr'>perverso,</span> <span class='ocrx_word' id='word_1_148' title='bbox 517 2285 608 2346; x_wconf 78' lang='lat' dir='ltr'>putem</span> <span class='ocrx_word' id='word_1_149' title='bbox 622 2289 637 2329; x_wconf 80' lang='lat' dir='ltr'>u</span> <span class='ocrx_word' id='word_1_150' title='bbox 651 2274 762 2346; x_wconf 74' lang='lat' dir='ltr'>Puqarnis</span> <span class='ocrx_word' id='word_1_151' title='bbox 773 2273 838 2329; x_wconf 90' lang='lat' dir='ltr'>deos</span> <span class='ocrx_word' id='word_1_152' title='bbox 855 2272 941 2330; x_wconf 91' lang='lat' dir='ltr'>euitos</span> 
     </span>
     <span class='ocr_line' id='line_1_22' title="bbox 158 2367 942 2440; baseline -0.006 -13"><span class='ocrx_word' id='word_1_153' title='bbox 158 2371 243 2427; x_wconf 88' lang='lat' dir='ltr'>inisse</span> <span class='ocrx_word' id='word_1_154' title='bbox 257 2372 283 2426; x_wconf 92' lang='lat' dir='ltr'>in</span> <span class='ocrx_word' id='word_1_155' title='bbox 298 2370 412 2440; x_wconf 81' lang='lat' dir='ltr'>templis,</span> <span class='ocrx_word' id='word_1_156' title='bbox 428 2385 443 2424; x_wconf 90' lang='lat' dir='ltr'>a</span> <span class='ocrx_word' id='word_1_157' title='bbox 458 2369 533 2424; x_wconf 89' lang='lat' dir='ltr'>nobis</span> <span class='ocrx_word' id='word_1_158' title='bbox 544 2373 633 2424; x_wconf 88' lang='lat' dir='ltr'>autem</span> <span class='ocrx_word' id='word_1_159' title='bbox 654 2369 706 2424; x_wconf 89' lang='lat' dir='ltr'>coli</span> <span class='ocrx_word' id='word_1_160' title='bbox 720 2377 838 2423; x_wconf 89' lang='lat' dir='ltr'>mortuos</span> <span class='ocrx_word' id='word_1_161' title='bbox 857 2367 885 2422; x_wconf 90' lang='lat' dir='ltr'>in</span> <span class='ocrx_word' id='word_1_162' title='bbox 899 2381 942 2422; x_wconf 90' lang='lat' dir='ltr'>se·</span> 
     </span>
     <span class='ocr_line' id='line_1_23' title="bbox 158 2457 941 2534; baseline -0.005 -18"><span class='ocrx_word' id='word_1_163' title='bbox 158 2462 270 2534; x_wconf 79' lang='lat' dir='ltr'>pulerit.</span> <span class='ocrx_word' id='word_1_164' title='bbox 283 2461 368 2516; x_wconf 83' lang='lat' dir='ltr'>Tanta</span> <span class='ocrx_word' id='word_1_165' title='bbox 377 2461 447 2515; x_wconf 90' lang='lat' dir='ltr'>enirn</span> <span class='ocrx_word' id='word_1_166' title='bbox 461 2459 583 2514; x_wconf 87' lang='lat' dir='ltr'>homines</span> <span class='ocrx_word' id='word_1_167' title='bbox 594 2457 666 2529; x_wconf 81' lang='lat' dir='ltr'>impii</span> <span class='ocrx_word' id='word_1_168' title='bbox 675 2458 793 2513; x_wconf 80' lang='lat' dir='ltr'>oueitate</span> <span class='ocrx_word' id='word_1_169' title='bbox 801 2458 827 2511; x_wconf 93' lang='lat' dir='ltr'>in</span> <span class='ocrx_word' id='word_1_170' title='bbox 838 2466 941 2512; x_wconf 87' lang='lat' dir='ltr'>montes</span> 
     </span>
     <span class='ocr_line' id='line_1_24' title="bbox 159 2549 942 2624; baseline -0.004 -15"><span class='ocrx_word' id='word_1_171' title='bbox 159 2553 354 2624; x_wconf 83' lang='lat' dir='ltr'>quodammodo</span> <span class='ocrx_word' id='word_1_172' title='bbox 364 2553 510 2618; x_wconf 78' lang='lat' dir='ltr'>nuendum,</span> <span class='ocrx_word' id='word_1_173' title='bbox 522 2563 616 2622; x_wconf 88' lang='lat' dir='ltr'>resque</span> <span class='ocrx_word' id='word_1_174' title='bbox 634 2552 725 2607; x_wconf 86' lang='lat' dir='ltr'>oerrios</span> <span class='ocrx_word' id='word_1_175' title='bbox 742 2565 806 2606; x_wconf 89' lang='lat' dir='ltr'>suos</span> <span class='ocrx_word' id='word_1_176' title='bbox 819 2549 942 2606; x_wconf 86' lang='lat' dir='ltr'>lerientes</span> 
     </span>
     <span class='ocr_line' id='line_1_25' title="bbox 159 2637 942 2708; baseline -0.006 -8"><span class='ocrx_word' id='word_1_177' title='bbox 159 2645 254 2700; x_wconf 92' lang='lat' dir='ltr'>nolunt</span> <span class='ocrx_word' id='word_1_178' title='bbox 268 2644 366 2708; x_wconf 85' lang='lat' dir='ltr'>videre,</span> <span class='ocrx_word' id='word_1_179' title='bbox 382 2653 475 2699; x_wconf 93' lang='lat' dir='ltr'>utnon</span> <span class='ocrx_word' id='word_1_180' title='bbox 495 2637 632 2699; x_wconf 83' lang='lat' dir='ltr'>attenuant</span> <span class='ocrx_word' id='word_1_181' title='bbox 652 2643 679 2698; x_wconf 91' lang='lat' dir='ltr'>iu</span> <span class='ocrx_word' id='word_1_182' title='bbox 703 2643 825 2697; x_wconf 78' lang='lat' dir='ltr'>omuibus</span> <span class='ocrx_word' id='word_1_183' title='bbox 848 2639 942 2696; x_wconf 90' lang='lat' dir='ltr'>litteris</span> 
     </span>
     <span class='ocr_line' id='line_1_26' title="bbox 159 2734 938 2808; baseline -0.006 -15"><span class='ocrx_word' id='word_1_184' title='bbox 159 2736 324 2808; x_wconf 75' lang='lat' dir='ltr'>Paganorum</span> <span class='ocrx_word' id='word_1_185' title='bbox 345 2743 391 2791; x_wconf 89' lang='lat' dir='ltr'>aut</span> <span class='ocrx_word' id='word_1_186' title='bbox 409 2749 461 2790; x_wconf 88' lang='lat' dir='ltr'>uon</span> <span class='ocrx_word' id='word_1_187' title='bbox 483 2734 604 2799; x_wconf 88' lang='lat' dir='ltr'>inveniri,</span> <span class='ocrx_word' id='word_1_188' title='bbox 619 2743 664 2789; x_wconf 93' lang='lat' dir='ltr'>aut</span> <span class='ocrx_word' id='word_1_189' title='bbox 678 2734 720 2788; x_wconf 83' lang='lat' dir='ltr'>vir</span> <span class='ocrx_word' id='word_1_190' title='bbox 736 2735 845 2788; x_wconf 79' lang='lat' dir='ltr'>inveniri</span> <span class='ocrx_word' id='word_1_191' title='bbox 864 2734 938 2801; x_wconf 89' lang='lat' dir='ltr'>deos,</span> 
     </span>
     <span class='ocr_line' id='line_1_27' title="bbox 159 2825 943 2901; baseline -0.001 -19"><span class='ocrx_word' id='word_1_192' title='bbox 159 2828 205 2901; x_wconf 84' lang='lat' dir='ltr'>qui</span> <span class='ocrx_word' id='word_1_193' title='bbox 219 2842 271 2883; x_wconf 90' lang='lat' dir='ltr'>nou</span> <span class='ocrx_word' id='word_1_194' title='bbox 285 2828 404 2882; x_wconf 79' lang='lat' dir='ltr'>homines</span> <span class='ocrx_word' id='word_1_195' title='bbox 423 2826 529 2890; x_wconf 83' lang='lat' dir='ltr'>luerint,</span> <span class='ocrx_word' id='word_1_196' title='bbox 551 2827 714 2895; x_wconf 90' lang='lat' dir='ltr'>mortuisque</span> <span class='ocrx_word' id='word_1_197' title='bbox 733 2825 813 2879; x_wconf 71' lang='lat' dir='ltr'>(lirini</span> <span class='ocrx_word' id='word_1_198' title='bbox 829 2825 943 2881; x_wconf 86' lang='lat' dir='ltr'>bonores</span> 
     </span>
     <span class='ocr_line' id='line_1_28' title="bbox 160 2918 944 2990; baseline -0.005 -12"><span class='ocrx_word' id='word_1_199' title='bbox 160 2924 240 2979; x_wconf 82' lang='lat' dir='ltr'>delati</span> <span class='ocrx_word' id='word_1_200' title='bbox 254 2924 338 2980; x_wconf 80' lang='lat' dir='ltr'>sint¹r</span> <span class='ocrx_word' id='word_1_201' title='bbox 362 2922 460 2976; x_wconf 86' lang='lat' dir='ltr'>Omitto</span> <span class='ocrx_word' id='word_1_202' title='bbox 482 2920 552 2990; x_wconf 91' lang='lat' dir='ltr'>quod</span> <span class='ocrx_word' id='word_1_203' title='bbox 576 2919 646 2975; x_wconf 81' lang='lat' dir='ltr'>Varo</span> <span class='ocrx_word' id='word_1_204' title='bbox 668 2919 740 2984; x_wconf 84' lang='lat' dir='ltr'>dicit,</span> <span class='ocrx_word' id='word_1_205' title='bbox 757 2934 848 2974; x_wconf 88' lang='lat' dir='ltr'>omnes</span> <span class='ocrx_word' id='word_1_206' title='bbox 860 2918 944 2974; x_wconf 86' lang='lat' dir='ltr'>abeis</span> 
     </span>
     <span class='ocr_line' id='line_1_29' title="bbox 160 3010 944 3079; baseline -0.009 -8"><span class='ocrx_word' id='word_1_207' title='bbox 160 3023 283 3071; x_wconf 84' lang='lat' dir='ltr'>mortuos</span> <span class='ocrx_word' id='word_1_208' title='bbox 292 3012 438 3070; x_wconf 86' lang='lat' dir='ltr'>existimari</span> <span class='ocrx_word' id='word_1_209' title='bbox 455 3012 544 3067; x_wconf 82' lang='lat' dir='ltr'>lienes</span> <span class='ocrx_word' id='word_1_210' title='bbox 556 3011 630 3076; x_wconf 89' lang='lat' dir='ltr'>deos,</span> <span class='ocrx_word' id='word_1_211' title='bbox 644 3020 673 3066; x_wconf 88' lang='lat' dir='ltr'>et</span> <span class='ocrx_word' id='word_1_212' title='bbox 687 3010 778 3079; x_wconf 82' lang='lat' dir='ltr'>probat</span> <span class='ocrx_word' id='word_1_213' title='bbox 795 3025 842 3079; x_wconf 82' lang='lat' dir='ltr'>per</span> <span class='ocrx_word' id='word_1_214' title='bbox 856 3024 886 3063; x_wconf 90' lang='lat' dir='ltr'>ea</span> <span class='ocrx_word' id='word_1_215' title='bbox 899 3024 944 3064; x_wconf 86' lang='lat' dir='ltr'>su·</span> 
     </span>
     <span class='ocr_line' id='line_1_30' title="bbox 160 3100 945 3177; baseline -0.011 -15"><span class='ocrx_word' id='word_1_216' title='bbox 160 3116 217 3173; x_wconf 84' lang='lat' dir='ltr'>era,</span> <span class='ocrx_word' id='word_1_217' title='bbox 231 3122 290 3177; x_wconf 75' lang='lat' dir='ltr'>quse</span> <span class='ocrx_word' id='word_1_218' title='bbox 304 3103 494 3162; x_wconf 86' lang='lat' dir='ltr'>omnibusiere</span> <span class='ocrx_word' id='word_1_219' title='bbox 505 3104 616 3158; x_wconf 76' lang='lat' dir='ltr'>mortuis</span> <span class='ocrx_word' id='word_1_220' title='bbox 626 3103 793 3168; x_wconf 81' lang='lat' dir='ltr'>exhibentur,</span> <span class='ocrx_word' id='word_1_221' title='bbox 808 3102 850 3156; x_wconf 86' lang='lat' dir='ltr'>ubi</span> <span class='ocrx_word' id='word_1_222' title='bbox 864 3109 891 3156; x_wconf 91' lang='lat' dir='ltr'>et</span> <span class='ocrx_word' id='word_1_223' title='bbox 903 3100 945 3154; x_wconf 90' lang='lat' dir='ltr'>ln·</span> 
     </span>
     <span class='ocr_line' id='line_1_31' title="bbox 161 3192 945 3265; baseline -0.01 -12"><span class='ocrx_word' id='word_1_224' title='bbox 161 3197 211 3253; x_wconf 89' lang='lat' dir='ltr'>dos</span> <span class='ocrx_word' id='word_1_225' title='bbox 220 3205 408 3252; x_wconf 81' lang='lat' dir='ltr'>commemoret</span> <span class='ocrx_word' id='word_1_226' title='bbox 418 3196 552 3260; x_wconf 80' lang='lat' dir='ltr'>funebres,</span> <span class='ocrx_word' id='word_1_227' title='bbox 564 3202 686 3265; x_wconf 83' lang='lat' dir='ltr'>tunquam</span> <span class='ocrx_word' id='word_1_228' title='bbox 699 3194 749 3248; x_wconf 89' lang='lat' dir='ltr'>boc</span> <span class='ocrx_word' id='word_1_229' title='bbox 757 3192 792 3247; x_wconf 90' lang='lat' dir='ltr'>sit</span> <span class='ocrx_word' id='word_1_230' title='bbox 802 3193 945 3246; x_wconf 77' lang='lat' dir='ltr'>ruariorum</span> 
     </span>
     <span class='ocr_line' id='line_1_32' title="bbox 160 3282 944 3358; baseline -0.01 -14"><span class='ocrx_word' id='word_1_231' title='bbox 160 3288 306 3345; x_wconf 82' lang='lat' dir='ltr'>divinitatis</span> <span class='ocrx_word' id='word_1_232' title='bbox 317 3287 451 3354; x_wconf 88' lang='lat' dir='ltr'>indicium,</span> <span class='ocrx_word' id='word_1_233' title='bbox 464 3286 534 3358; x_wconf 94' lang='lat' dir='ltr'>quod</span> <span class='ocrx_word' id='word_1_234' title='bbox 546 3301 600 3341; x_wconf 92' lang='lat' dir='ltr'>non</span> <span class='ocrx_word' id='word_1_235' title='bbox 616 3286 718 3341; x_wconf 76' lang='lat' dir='ltr'>solenni</span> <span class='ocrx_word' id='word_1_236' title='bbox 730 3284 784 3339; x_wconf 91' lang='lat' dir='ltr'>ludi</span> <span class='ocrx_word' id='word_1_237' title='bbox 796 3285 846 3338; x_wconf 91' lang='lat' dir='ltr'>nisi</span> <span class='ocrx_word' id='word_1_238' title='bbox 858 3282 944 3337; x_wconf 89' lang='lat' dir='ltr'>numi-</span> 
     </span>
     <span class='ocr_line' id='line_1_33' title="bbox 161 3379 390 3436; baseline -0.004 -2"><span class='ocrx_word' id='word_1_239' title='bbox 161 3381 240 3436; x_wconf 88' lang='lat' dir='ltr'>nibus</span> <span class='ocrx_word' id='word_1_240' title='bbox 251 3379 390 3436; x_wconf 86' lang='lat' dir='ltr'>celebrari.</span> 
     </span>
    </p>

    <p class='ocr_par' dir='ltr' id='par_1_7' title="bbox 161 3466 952 5464">
     <span class='ocr_line' id='line_1_34' title="bbox 197 3466 945 3541; baseline -0.008 -15"><span class='ocrx_word' id='word_1_241' title='bbox 197 3471 224 3526; x_wconf 75' lang='lat'><em>2</em></span> <span class='ocrx_word' id='word_1_242' title='bbox 246 3470 355 3526; x_wconf 88' lang='lat' dir='ltr'>liormes</span> <span class='ocrx_word' id='word_1_243' title='bbox 365 3470 430 3540; x_wconf 82' lang='lat' dir='ltr'>ipse,</span> <span class='ocrx_word' id='word_1_244' title='bbox 444 3470 542 3541; x_wconf 87' lang='lat' dir='ltr'>dequo</span> <span class='ocrx_word' id='word_1_245' title='bbox 555 3485 624 3525; x_wconf 90' lang='lat' dir='ltr'>nune</span> <span class='ocrx_word' id='word_1_246' title='bbox 638 3469 733 3539; x_wconf 72' lang='lat' dir='ltr'>agitur,</span> <span class='ocrx_word' id='word_1_247' title='bbox 746 3469 770 3524; x_wconf 93' lang='lat' dir='ltr'>in</span> <span class='ocrx_word' id='word_1_248' title='bbox 782 3468 840 3536; x_wconf 85' lang='lat' dir='ltr'>ipso</span> <span class='ocrx_word' id='word_1_249' title='bbox 851 3466 945 3522; x_wconf 88' lang='lat' dir='ltr'>eodem</span> 
     </span>
     <span class='ocr_line' id='line_1_35' title="bbox 161 3559 945 3634; baseline -0.005 -16"><span class='ocrx_word' id='word_1_250' title='bbox 161 3562 231 3618; x_wconf 90' lang='lat' dir='ltr'>libro</span> <span class='ocrx_word' id='word_1_251' title='bbox 244 3562 288 3617; x_wconf 92' lang='lat' dir='ltr'>ubi</span> <span class='ocrx_word' id='word_1_252' title='bbox 303 3564 376 3634; x_wconf 87' lang='lat' dir='ltr'>quusi</span> <span class='ocrx_word' id='word_1_253' title='bbox 398 3562 487 3618; x_wconf 85' lang='lat' dir='ltr'>iuturu</span> <span class='ocrx_word' id='word_1_254' title='bbox 515 3562 714 3631; x_wconf 77' lang='lat' dir='ltr'>prenuntiatus</span> <span class='ocrx_word' id='word_1_255' title='bbox 737 3561 878 3630; x_wconf 85' lang='lat' dir='ltr'>deplorans</span> <span class='ocrx_word' id='word_1_256' title='bbox 898 3559 945 3623; x_wconf 86' lang='lat' dir='ltr'>ait,</span> 
     </span>
     <span class='ocr_line' id='line_1_36' title="bbox 162 3652 945 3722; baseline -0.006 -14"><span class='ocrx_word' id='word_1_257' title='bbox 162 3653 236 3708; x_wconf 80' lang='lat' dir='ltr'>Tunc</span> <span class='ocrx_word' id='word_1_258' title='bbox 256 3662 322 3708; x_wconf 86' lang='lat' dir='ltr'>terre</span> <span class='ocrx_word' id='word_1_259' title='bbox 342 3656 391 3709; x_wconf 88' lang='lat' dir='ltr'>istu</span> <span class='ocrx_word' id='word_1_260' title='bbox 415 3655 573 3710; x_wconf 83' lang='lat' dir='ltr'>sanctissimo</span> <span class='ocrx_word' id='word_1_261' title='bbox 596 3654 666 3709; x_wconf 85' lang='lat' dir='ltr'>sedes</span> <span class='ocrx_word' id='word_1_262' title='bbox 690 3652 850 3708; x_wconf 75' lang='lat' dir='ltr'>delubrorum</span> <span class='ocrx_word' id='word_1_263' title='bbox 871 3660 945 3722; x_wconf 83' lang='lat' dir='ltr'>utque</span> 
     </span>
     <span class='ocr_line' id='line_1_37' title="bbox 162 3744 947 3818; baseline -0.004 -16"><span class='ocrx_word' id='word_1_264' title='bbox 162 3749 503 3818; x_wconf 80' lang='lat' dir='ltr'>tenrpiornm‚sepuicrorrtm</span> <span class='ocrx_word' id='word_1_265' title='bbox 513 3750 559 3801; x_wconf 88' lang='lat' dir='ltr'>erit</span> <span class='ocrx_word' id='word_1_266' title='bbox 569 3756 772 3813; x_wconf 88' lang='lat' dir='ltr'>mortuorumque</span> <span class='ocrx_word' id='word_1_267' title='bbox 781 3744 927 3813; x_wconf 78' lang='lat' dir='ltr'>plenissime</span> <span class='ocrx_word' id='word_1_268' title='bbox 936 3758 947 3809; x_wconf 91' lang='lat'>,·</span> 
     </span>
     <span class='ocr_line' id='line_1_38' title="bbox 162 3833 946 3908; baseline -0.006 -14"><span class='ocrx_word' id='word_1_269' title='bbox 162 3839 229 3894; x_wconf 91' lang='lat' dir='ltr'>deos</span> <span class='ocrx_word' id='word_1_270' title='bbox 242 3837 360 3908; x_wconf 74' lang='lat' dir='ltr'>AEqqnn,</span> <span class='ocrx_word' id='word_1_271' title='bbox 376 3839 497 3893; x_wconf 88' lang='lat' dir='ltr'>lrouriues</span> <span class='ocrx_word' id='word_1_272' title='bbox 516 3847 636 3892; x_wconf 91' lang='lat' dir='ltr'>mortuos</span> <span class='ocrx_word' id='word_1_273' title='bbox 655 3852 716 3892; x_wconf 87' lang='lat' dir='ltr'>esse</span> <span class='ocrx_word' id='word_1_274' title='bbox 740 3844 863 3892; x_wconf 82' lang='lat' dir='ltr'>testetur.</span> <span class='ocrx_word' id='word_1_275' title='bbox 878 3833 946 3890; x_wconf 87' lang='lat' dir='ltr'>Cum</span> 
     </span>
     <span class='ocr_line' id='line_1_39' title="bbox 163 3927 947 3998; baseline -0.005 -13"><span class='ocrx_word' id='word_1_276' title='bbox 163 3932 234 3986; x_wconf 88' lang='lat' dir='ltr'>enirn</span> <span class='ocrx_word' id='word_1_277' title='bbox 256 3928 365 3984; x_wconf 82' lang='lat' dir='ltr'>dixisset</span> <span class='ocrx_word' id='word_1_278' title='bbox 387 3943 499 3998; x_wconf 80' lang='lat' dir='ltr'>proavos</span> <span class='ocrx_word' id='word_1_279' title='bbox 520 3943 583 3983; x_wconf 90' lang='lat' dir='ltr'>suos</span> <span class='ocrx_word' id='word_1_280' title='bbox 602 3928 712 3983; x_wconf 91' lang='lat' dir='ltr'>multum</span> <span class='ocrx_word' id='word_1_281' title='bbox 736 3938 857 3983; x_wconf 74' lang='lat' dir='ltr'>errantes</span> <span class='ocrx_word' id='word_1_282' title='bbox 877 3927 947 3982; x_wconf 81' lang='lat' dir='ltr'>cirta</span> 
     </span>
     <span class='ocr_line' id='line_1_40' title="bbox 164 4019 948 4087; baseline -0.004 -12"><span class='ocrx_word' id='word_1_283' title='bbox 164 4021 273 4075; x_wconf 81' lang='lat' dir='ltr'>deorurn</span> <span class='ocrx_word' id='word_1_284' title='bbox 289 4023 427 4087; x_wconf 88' lang='lat' dir='ltr'>rutioneru,</span> <span class='ocrx_word' id='word_1_285' title='bbox 444 4020 688 4076; x_wconf 88' lang='lat' dir='ltr'>incredulosetnon</span> <span class='ocrx_word' id='word_1_286' title='bbox 707 4019 948 4073; x_wconf 84' lang='lat' dir='ltr'>unlrnadrortentes</span> 
     </span>
     <span class='ocr_line' id='line_1_41' title="bbox 164 4112 948 4183; baseline -0.003 -17"><span class='ocrx_word' id='word_1_287' title='bbox 164 4113 197 4168; x_wconf 81' lang='lat' dir='ltr'>nd</span> <span class='ocrx_word' id='word_1_288' title='bbox 211 4112 311 4168; x_wconf 91' lang='lat' dir='ltr'>cultum</span> <span class='ocrx_word' id='word_1_289' title='bbox 334 4112 539 4183; x_wconf 82' lang='lat' dir='ltr'>religionemque</span> <span class='ocrx_word' id='word_1_290' title='bbox 564 4112 689 4172; x_wconf 86' lang='lat' dir='ltr'>divinam,</span> <span class='ocrx_word' id='word_1_291' title='bbox 714 4112 845 4167; x_wconf 84' lang='lat' dir='ltr'>inuenisse</span> <span class='ocrx_word' id='word_1_292' title='bbox 864 4121 948 4165; x_wconf 88' lang='lat' dir='ltr'>urtem</span> 
     </span>
     <span class='ocr_line' id='line_1_42' title="bbox 164 4205 949 4277; baseline -0.001 -17"><span class='ocrx_word' id='word_1_293' title='bbox 164 4221 214 4276; x_wconf 88' lang='lat' dir='ltr'>quo</span> <span class='ocrx_word' id='word_1_294' title='bbox 228 4206 364 4261; x_wconf 82' lang='lat' dir='ltr'>elicerent</span> <span class='ocrx_word' id='word_1_295' title='bbox 378 4207 458 4271; x_wconf 87' lang='lat' dir='ltr'>deos;</span> <span class='ocrx_word' id='word_1_296' title='bbox 473 4206 520 4260; x_wconf 83' lang='lat' dir='ltr'>Cui</span> <span class='ocrx_word' id='word_1_297' title='bbox 532 4207 646 4269; x_wconf 81' lang='lat' dir='ltr'>invente,</span> <span class='ocrx_word' id='word_1_298' title='bbox 668 4205 762 4274; x_wconf 93' lang='lat' dir='ltr'>inquit,</span> <span class='ocrx_word' id='word_1_299' title='bbox 779 4206 949 4277; x_wconf 77' lang='lat' dir='ltr'>adjunxerunt</span> 
     </span>
     <span class='ocr_line' id='line_1_43' title="bbox 164 4295 951 4365; baseline -0.005 -14"><span class='ocrx_word' id='word_1_300' title='bbox 164 4298 279 4351; x_wconf 81' lang='lat' dir='ltr'>uirtutem</span> <span class='ocrx_word' id='word_1_301' title='bbox 298 4295 329 4349; x_wconf 89' lang='lat' dir='ltr'>de</span> <span class='ocrx_word' id='word_1_302' title='bbox 349 4296 436 4349; x_wconf 87' lang='lat' dir='ltr'>muudi</span> <span class='ocrx_word' id='word_1_303' title='bbox 456 4306 547 4349; x_wconf 86' lang='lat' dir='ltr'>nutura</span> <span class='ocrx_word' id='word_1_304' title='bbox 569 4296 761 4358; x_wconf 81' lang='lat' dir='ltr'>cosroenicntem,</span> <span class='ocrx_word' id='word_1_305' title='bbox 782 4310 885 4365; x_wconf 87' lang='lat' dir='ltr'>eumque</span> <span class='ocrx_word' id='word_1_306' title='bbox 903 4295 951 4347; x_wconf 76' lang='lat' dir='ltr'>mi&#39;·</span> 
     </span>
     <span class='ocr_line' id='line_1_44' title="bbox 165 4389 950 4461; baseline 0 -18"><span class='ocrx_word' id='word_1_307' title='bbox 165 4397 270 4453; x_wconf 80' lang='lat' dir='ltr'>scentes,</span> <span class='ocrx_word' id='word_1_308' title='bbox 281 4389 400 4461; x_wconf 85' lang='lat' dir='ltr'>quonium</span> <span class='ocrx_word' id='word_1_309' title='bbox 414 4390 511 4441; x_wconf 83' lang='lat' dir='ltr'>animm</span> <span class='ocrx_word' id='word_1_310' title='bbox 521 4391 604 4459; x_wconf 67' lang='lat' dir='ltr'>fucere</span> <span class='ocrx_word' id='word_1_311' title='bbox 620 4404 670 4441; x_wconf 88' lang='lat' dir='ltr'>non</span> <span class='ocrx_word' id='word_1_312' title='bbox 684 4397 808 4458; x_wconf 84' lang='lat' dir='ltr'>poterunt,</span> <span class='ocrx_word' id='word_1_313' title='bbox 822 4397 950 4444; x_wconf 78' lang='lat' dir='ltr'>moeurrtes</span> 
     </span>
     <span class='ocr_line' id='line_1_45' title="bbox 163 4468 949 4551; baseline 0 -17"><span class='ocrx_word' id='word_1_314' title='bbox 163 4482 263 4536; x_wconf 86' lang='lat' dir='ltr'>irrrinms</span> <span class='ocrx_word' id='word_1_315' title='bbox 275 4481 416 4535; x_wconf 81' lang='lat' dir='ltr'>dromonum</span> <span class='ocrx_word' id='word_1_316' title='bbox 429 4481 466 4535; x_wconf 84' lang='lat' dir='ltr'>tei</span> <span class='ocrx_word' id='word_1_317' title='bbox 479 4468 637 4551; x_wconf 79' lang='lat' dir='ltr'>unqelorum,</span> <span class='ocrx_word' id='word_1_318' title='bbox 654 4496 696 4534; x_wconf 85' lang='lat' dir='ltr'>eus</span> <span class='ocrx_word' id='word_1_319' title='bbox 718 4481 862 4534; x_wconf 87' lang='lat' dir='ltr'>indiderunt</span> <span class='ocrx_word' id='word_1_320' title='bbox 883 4480 949 4534; x_wconf 89' lang='lat' dir='ltr'>imu-</span> 
     </span>
     <span class='ocr_line' id='line_1_46' title="bbox 165 4570 951 4644; baseline 0 -19"><span class='ocrx_word' id='word_1_321' title='bbox 165 4573 265 4644; x_wconf 77' lang='lat' dir='ltr'>9inibus</span> <span class='ocrx_word' id='word_1_322' title='bbox 286 4573 379 4626; x_wconf 84' lang='lat' dir='ltr'>sanctis</span> <span class='ocrx_word' id='word_1_323' title='bbox 398 4572 537 4641; x_wconf 83' lang='lat' dir='ltr'>diuinisque</span> <span class='ocrx_word' id='word_1_324' title='bbox 555 4571 688 4640; x_wconf 74' lang='lat' dir='ltr'>mysteriis,</span> <span class='ocrx_word' id='word_1_325' title='bbox 704 4588 748 4639; x_wconf 84' lang='lat' dir='ltr'>per</span> <span class='ocrx_word' id='word_1_326' title='bbox 768 4587 830 4641; x_wconf 85' lang='lat' dir='ltr'>quus</span> <span class='ocrx_word' id='word_1_327' title='bbox 843 4570 913 4624; x_wconf 77' lang='lat' dir='ltr'>idola</span> <span class='ocrx_word' id='word_1_328' title='bbox 927 4579 951 4625; x_wconf 84' lang='lat' dir='ltr'>et</span> 
     </span>
     <span class='ocr_line' id='line_1_47' title="bbox 165 4658 951 4732; baseline 0 -14"><span class='ocrx_word' id='word_1_329' title='bbox 165 4664 226 4719; x_wconf 88' lang='lat' dir='ltr'>bene</span> <span class='ocrx_word' id='word_1_330' title='bbox 240 4663 359 4732; x_wconf 73' lang='lat' dir='ltr'>faciendi,</span> <span class='ocrx_word' id='word_1_331' title='bbox 375 4672 399 4717; x_wconf 88' lang='lat' dir='ltr'>et</span> <span class='ocrx_word' id='word_1_332' title='bbox 411 4663 485 4724; x_wconf 84' lang='lat' dir='ltr'>mule,</span> <span class='ocrx_word' id='word_1_333' title='bbox 507 4663 570 4715; x_wconf 81' lang='lat' dir='ltr'>uires</span> <span class='ocrx_word' id='word_1_334' title='bbox 582 4660 673 4716; x_wconf 84' lang='lat' dir='ltr'>iubere</span> <span class='ocrx_word' id='word_1_335' title='bbox 686 4658 843 4731; x_wconf 82' lang='lat' dir='ltr'>potuissent:</span> <span class='ocrx_word' id='word_1_336' title='bbox 855 4661 951 4718; x_wconf 84' lang='lat' dir='ltr'>deinde</span> 
     </span>
     <span class='ocr_line' id='line_1_48' title="bbox 165 4753 950 4825; baseline 0 -15"><span class='ocrx_word' id='word_1_337' title='bbox 165 4755 285 4825; x_wconf 89' lang='lat' dir='ltr'>seqnitur</span> <span class='ocrx_word' id='word_1_338' title='bbox 298 4764 420 4824; x_wconf 83' lang='lat' dir='ltr'>uinquam</span> <span class='ocrx_word' id='word_1_339' title='bbox 437 4753 486 4808; x_wconf 90' lang='lat' dir='ltr'>boe</span> <span class='ocrx_word' id='word_1_340' title='bbox 499 4754 629 4824; x_wconf 82' lang='lat' dir='ltr'>exemplis</span> <span class='ocrx_word' id='word_1_341' title='bbox 646 4753 813 4825; x_wconf 86' lang='lat' dir='ltr'>probaturus,</span> <span class='ocrx_word' id='word_1_342' title='bbox 837 4765 862 4810; x_wconf 89' lang='lat' dir='ltr'>et</span> <span class='ocrx_word' id='word_1_343' title='bbox 876 4755 950 4823; x_wconf 81' lang='lat' dir='ltr'>dicit,</span> 
     </span>
     <span class='ocr_line' id='line_1_49' title="bbox 164 4844 950 4918; baseline -0.003 -16"><span class='ocrx_word' id='word_1_344' title='bbox 164 4844 232 4902; x_wconf 75' lang='lat' dir='ltr'>drus</span> <span class='ocrx_word' id='word_1_345' title='bbox 247 4846 418 4912; x_wconf 89' lang='lat' dir='ltr'>enirntuus,o</span> <span class='ocrx_word' id='word_1_346' title='bbox 439 4844 547 4915; x_wconf 76' lang='lat' dir='ltr'>Aruleni,</span> <span class='ocrx_word' id='word_1_347' title='bbox 563 4845 693 4900; x_wconf 76' lang='lat' dir='ltr'>medicine</span> <span class='ocrx_word' id='word_1_348' title='bbox 712 4848 807 4918; x_wconf 82' lang='lat' dir='ltr'>primus</span> <span class='ocrx_word' id='word_1_349' title='bbox 827 4847 950 4912; x_wconf 78' lang='lat' dir='ltr'>bibentur,</span> 
     </span>
     <span class='ocr_line' id='line_1_50' title="bbox 166 4936 951 5008; baseline 0.003 -17"><span class='ocrx_word' id='word_1_350' title='bbox 166 4939 208 4991; x_wconf 87' lang='lat' dir='ltr'>cui</span> <span class='ocrx_word' id='word_1_351' title='bbox 222 4938 341 5008; x_wconf 83' lang='lat' dir='ltr'>tempium</span> <span class='ocrx_word' id='word_1_352' title='bbox 360 4947 529 4992; x_wconf 82' lang='lat' dir='ltr'>consecratum</span> <span class='ocrx_word' id='word_1_353' title='bbox 542 4948 579 4991; x_wconf 85' lang='lat' dir='ltr'>est</span> <span class='ocrx_word' id='word_1_354' title='bbox 591 4939 616 4991; x_wconf 89' lang='grc' dir='ltr'>ιἰι</span> <span class='ocrx_word' id='word_1_355' title='bbox 631 4948 714 4993; x_wconf 88' lang='lat' dir='ltr'>oronte</span> <span class='ocrx_word' id='word_1_356' title='bbox 725 4936 812 5008; x_wconf 75' lang='lat' dir='ltr'>Libye</span> <span class='ocrx_word' id='word_1_357' title='bbox 822 4939 889 4992; x_wconf 86' lang='lat' dir='ltr'>circu</span> <span class='ocrx_word' id='word_1_358' title='bbox 908 4938 951 4994; x_wconf 87' lang='lat' dir='ltr'>iit-</span> 
     </span>
     <span class='ocr_line' id='line_1_51' title="bbox 166 5029 949 5102; baseline 0.003 -18"><span class='ocrx_word' id='word_1_359' title='bbox 166 5041 205 5085; x_wconf 91' lang='lat' dir='ltr'>tus</span> <span class='ocrx_word' id='word_1_360' title='bbox 224 5029 425 5097; x_wconf 81' lang='lat' dir='ltr'>Crocodiiorum,</span> <span class='ocrx_word' id='word_1_361' title='bbox 445 5031 470 5084; x_wconf 89' lang='lat' dir='ltr'>in</span> <span class='ocrx_word' id='word_1_362' title='bbox 490 5047 539 5100; x_wconf 90' lang='lat' dir='ltr'>quo</span> <span class='ocrx_word' id='word_1_363' title='bbox 557 5033 611 5102; x_wconf 76' lang='lat' dir='ltr'>ejus</span> <span class='ocrx_word' id='word_1_364' title='bbox 625 5031 694 5102; x_wconf 83' lang='lat' dir='ltr'>juret</span> <span class='ocrx_word' id='word_1_365' title='bbox 707 5031 851 5085; x_wconf 81' lang='lat' dir='ltr'>mundanus</span> <span class='ocrx_word' id='word_1_366' title='bbox 864 5032 949 5099; x_wconf 89' lang='lat' dir='ltr'>bomo,</span> 
     </span>
     <span class='ocr_line' id='line_1_52' title="bbox 164 5121 952 5194; baseline 0.003 -19"><span class='ocrx_word' id='word_1_367' title='bbox 164 5121 192 5175; x_wconf 79' lang='lat' dir='ltr'>r‘d</span> <span class='ocrx_word' id='word_1_368' title='bbox 215 5130 252 5175; x_wconf 86' lang='lat' dir='ltr'>est</span> <span class='ocrx_word' id='word_1_369' title='bbox 274 5121 503 5192; x_wconf 83' lang='lat' dir='ltr'>eorpus:reiiquus</span> <span class='ocrx_word' id='word_1_370' title='bbox 521 5122 596 5187; x_wconf 86' lang='lat' dir='ltr'>eninr,</span> <span class='ocrx_word' id='word_1_371' title='bbox 617 5122 656 5175; x_wconf 86' lang='lat' dir='ltr'>oei</span> <span class='ocrx_word' id='word_1_372' title='bbox 675 5122 759 5194; x_wconf 77' lang='lat' dir='ltr'>potius</span> <span class='ocrx_word' id='word_1_373' title='bbox 783 5131 858 5191; x_wconf 90' lang='lat' dir='ltr'>totus,</span> <span class='ocrx_word' id='word_1_374' title='bbox 881 5124 904 5177; x_wconf 89' lang='lat' dir='ltr'>si</span> <span class='ocrx_word' id='word_1_375' title='bbox 916 5131 952 5177; x_wconf 86' lang='lat' dir='ltr'>est</span> 
     </span>
     <span class='ocr_line' id='line_1_53' title="bbox 166 5214 949 5281; baseline 0.001 -14"><span class='ocrx_word' id='word_1_376' title='bbox 166 5215 241 5269; x_wconf 87' lang='lat' dir='ltr'>bomo</span> <span class='ocrx_word' id='word_1_377' title='bbox 261 5222 328 5268; x_wconf 84' lang='lat' dir='ltr'>totus</span> <span class='ocrx_word' id='word_1_378' title='bbox 346 5214 373 5267; x_wconf 91' lang='lat' dir='ltr'>in</span> <span class='ocrx_word' id='word_1_379' title='bbox 392 5229 466 5268; x_wconf 90' lang='lat' dir='ltr'>sensu</span> <span class='ocrx_word' id='word_1_380' title='bbox 485 5217 552 5280; x_wconf 86' lang='lat' dir='ltr'>oitae,</span> <span class='ocrx_word' id='word_1_381' title='bbox 574 5214 661 5270; x_wconf 86' lang='lat' dir='ltr'>melior</span> <span class='ocrx_word' id='word_1_382' title='bbox 678 5215 794 5269; x_wconf 78' lang='lat' dir='ltr'>remensis</span> <span class='ocrx_word' id='word_1_383' title='bbox 810 5215 836 5269; x_wconf 90' lang='lat' dir='ltr'>in</span> <span class='ocrx_word' id='word_1_384' title='bbox 849 5216 949 5281; x_wconf 82' lang='lat' dir='ltr'>cuium,</span> 
     </span>
     <span class='ocr_line' id='line_1_54' title="bbox 164 5302 950 5377; baseline 0.004 -19"><span class='ocrx_word' id='word_1_385' title='bbox 164 5304 250 5358; x_wconf 83' lang='lat' dir='ltr'>onmia</span> <span class='ocrx_word' id='word_1_386' title='bbox 260 5304 335 5358; x_wconf 89' lang='lat' dir='ltr'>etium</span> <span class='ocrx_word' id='word_1_387' title='bbox 349 5319 415 5356; x_wconf 86' lang='lat' dir='ltr'>nune</span> <span class='ocrx_word' id='word_1_388' title='bbox 427 5302 567 5358; x_wconf 77' lang='lat' dir='ltr'>bominibus</span> <span class='ocrx_word' id='word_1_389' title='bbox 579 5305 725 5377; x_wconf 79' lang='lat' dir='ltr'>adjumenta</span> <span class='ocrx_word' id='word_1_390' title='bbox 743 5316 865 5375; x_wconf 76' lang='lat' dir='ltr'>prestans</span> <span class='ocrx_word' id='word_1_391' title='bbox 875 5306 950 5376; x_wconf 74' lang='lat' dir='ltr'>iufir-</span> 
     </span>
     <span class='ocr_line' id='line_1_55' title="bbox 173 5395 952 5464; baseline 0.005 -15"><span class='ocrx_word' id='word_1_392' title='bbox 173 5397 213 5449; x_wconf 87' lang='lat' dir='ltr'>nis</span> <span class='ocrx_word' id='word_1_393' title='bbox 226 5397 328 5450; x_wconf 88' lang='lat' dir='ltr'>nurnine</span> <span class='ocrx_word' id='word_1_394' title='bbox 346 5411 413 5448; x_wconf 88' lang='lat' dir='ltr'>nune</span> <span class='ocrx_word' id='word_1_395' title='bbox 428 5411 483 5459; x_wconf 89' lang='lat' dir='ltr'>suo,</span> <span class='ocrx_word' id='word_1_396' title='bbox 498 5411 554 5464; x_wconf 83' lang='lat' dir='ltr'>quae</span> <span class='ocrx_word' id='word_1_397' title='bbox 573 5405 631 5450; x_wconf 90' lang='lat' dir='ltr'>onte</span> <span class='ocrx_word' id='word_1_398' title='bbox 644 5395 739 5452; x_wconf 78' lang='lat' dir='ltr'>solebat</span> <span class='ocrx_word' id='word_1_399' title='bbox 755 5398 885 5454; x_wconf 83' lang='lat' dir='ltr'>ruedicinae</span> <span class='ocrx_word' id='word_1_400' title='bbox 897 5407 952 5454; x_wconf 83' lang='lat' dir='ltr'>erte</span> 
     </span>
    </p>
   </div>
   <div class='ocr_carea' id='block_1_2' title="bbox 165 5527 951 5658">
    <p class='ocr_par' dir='ltr' id='par_1_8' title="bbox 165 5527 951 5658">
     <span class='ocr_line' id='line_1_56' title="bbox 195 5527 951 5595; baseline 0.013 -17"><span class='ocrx_word' id='word_1_401' title='bbox 195 5533 205 5564; x_wconf 80' lang='lat'>¹</span> <span class='ocrx_word' id='word_1_402' title='bbox 219 5538 280 5580; x_wconf 81' lang='lat' dir='ltr'>unte</span> <span class='ocrx_word' id='word_1_403' title='bbox 295 5530 352 5580; x_wconf 74' lang='lat' dir='ltr'>inliti</span> <span class='ocrx_word' id='word_1_404' title='bbox 360 5531 395 5579; x_wconf 84' lang='lat' dir='ltr'>sie</span> <span class='ocrx_word' id='word_1_405' title='bbox 403 5528 502 5587; x_wconf 83' lang='lat' dir='ltr'>babent,</span> <span class='ocrx_word' id='word_1_406' title='bbox 513 5527 555 5590; x_wconf 85' lang='lat' dir='ltr'>qrri</span> <span class='ocrx_word' id='word_1_407' title='bbox 563 5542 610 5580; x_wconf 90' lang='lat' dir='ltr'>non</span> <span class='ocrx_word' id='word_1_408' title='bbox 620 5530 726 5582; x_wconf 79' lang='lat' dir='ltr'>bomirres</span> <span class='ocrx_word' id='word_1_409' title='bbox 736 5532 834 5595; x_wconf 74' lang='lat' dir='ltr'>suerint,</span> <span class='ocrx_word' id='word_1_410' title='bbox 845 5535 951 5588; x_wconf 78' lang='lat' dir='ltr'>omnbrts</span> 
     </span>
     <span class='ocr_line' id='line_1_57' title="bbox 165 5590 950 5658; baseline 0.009 -18"><span class='ocrx_word' id='word_1_411' title='bbox 165 5604 244 5641; x_wconf 73' lang='lat' dir='ltr'>surrreu</span> <span class='ocrx_word' id='word_1_412' title='bbox 261 5593 362 5653; x_wconf 76' lang='lat' dir='ltr'>intrares</span> <span class='ocrx_word' id='word_1_413' title='bbox 380 5591 490 5641; x_wconf 71' lang='lat' dir='ltr'>stadeloit</span> <span class='ocrx_word' id='word_1_414' title='bbox 503 5590 615 5642; x_wconf 76' lang='lat' dir='ltr'>exubere</span> <span class='ocrx_word' id='word_1_415' title='bbox 627 5592 735 5655; x_wconf 78' lang='lat' dir='ltr'>dirdnos,</span> <span class='ocrx_word' id='word_1_416' title='bbox 755 5595 824 5658; x_wconf 86' lang='lat' dir='ltr'>quusi</span> <span class='ocrx_word' id='word_1_417' title='bbox 833 5593 895 5647; x_wconf 82' lang='lat' dir='ltr'>mint</span> <span class='ocrx_word' id='word_1_418' title='bbox 905 5610 950 5647; x_wconf 91' lang='lat' dir='ltr'>un·</span> 
     </span>
    </p>
   </div>
   <div class='ocr_carea' id='block_1_3' title="bbox 163 5650 951 5769">
    <p class='ocr_par' dir='ltr' id='par_1_9' title="bbox 163 5650 951 5769">
     <span class='ocr_line' id='line_1_58' title="bbox 163 5650 951 5767; baseline 0.001 -65"><span class='ocrx_word' id='word_1_419' title='bbox 163 5666 237 5719; x_wconf 68' lang='lat' dir='ltr'>quum</span> <span class='ocrx_word' id='word_1_420' title='bbox 248 5652 402 5703; x_wconf 83' lang='lat' dir='ltr'>nrmrum&#39;tatis</span> <span class='ocrx_word' id='word_1_421' title='bbox 411 5650 544 5703; x_wconf 76' lang='lat' dir='ltr'>habuerint.</span> <span class='ocrx_word' id='word_1_422' title='bbox 557 5659 583 5701; x_wconf 84' lang='grc' dir='ltr'>Ει</span> <span class='ocrx_word' id='word_1_423' title='bbox 592 5653 738 5767; x_wconf 38' lang='grc' dir='ltr'>Ειιχιὲμοιι,</span> <span class='ocrx_word' id='word_1_424' title='bbox 750 5656 883 5713; x_wconf 60' lang='lat' dir='ltr'>eniminum</span> <span class='ocrx_word' id='word_1_425' title='bbox 901 5657 951 5713; x_wconf 78' lang='lat' dir='ltr'>inq·</span> 
     </span>
     <span class='ocr_line' id='line_1_59' title="bbox 165 5713 584 5769; baseline 0.002 -4"><span class='ocrx_word' id='word_1_426' title='bbox 165 5724 207 5766; x_wconf 88' lang='lat' dir='ltr'>ttcs</span> <span class='ocrx_word' id='word_1_427' title='bbox 222 5713 439 5769; x_wconf 72' lang='lat' dir='ltr'>remuneremur</span> <span class='ocrx_word' id='word_1_428' title='bbox 448 5715 584 5768; x_wconf 85' lang='lat' dir='ltr'>adtetores</span> 
     </span>
    </p>
   </div>
   <div class='ocr_carea' id='block_1_4' title="bbox 818 300 1103 361">
    <p class='ocr_par' dir='ltr' id='par_1_10' title="bbox 818 300 1103 361">
     <span class='ocr_line' id='line_1_60' title="bbox 818 300 1103 361; baseline -0.011 -1"><span class='ocrx_word' id='word_1_429' title='bbox 818 302 919 360; x_wconf 77' lang='lat' dir='ltr'>trosti</span> <span class='ocrx_word' id='word_1_430' title='bbox 936 300 1103 361; x_wconf 78' lang='lat' dir='ltr'>ocultus.</span> 
     </span>
    </p>
   </div>
   <div class='ocr_carea' id='block_1_5' title="bbox 1714 306 1767 367">
    <p class='ocr_par' dir='ltr' id='par_1_11' title="bbox 1714 306 1767 367">
     <span class='ocr_line' id='line_1_61' title="bbox 1714 306 1767 367; baseline 0 0"><span class='ocrx_word' id='word_1_431' title='bbox 1714 306 1767 367; x_wconf 64' lang='grc' dir='ltr'>ιιι</span> 
     </span>
    </p>
   </div>
   <div class='ocr_carea' id='block_1_6' title="bbox 987 413 1798 4530">
    <p class='ocr_par' dir='ltr' id='par_1_12' title="bbox 987 413 1798 2048">
     <span class='ocr_line' id='line_1_62' title="bbox 988 413 1770 488; baseline 0.012 -20"><span class='ocrx_word' id='word_1_432' title='bbox 988 415 1105 483; x_wconf 78' lang='lat' dir='ltr'>prebere.</span> <span class='ocrx_word' id='word_1_433' title='bbox 1120 413 1189 470; x_wconf 80' lang='lat' dir='ltr'>Eece</span> <span class='ocrx_word' id='word_1_434' title='bbox 1207 414 1274 470; x_wconf 84' lang='lat' dir='ltr'>dixit</span> <span class='ocrx_word' id='word_1_435' title='bbox 1289 425 1420 472; x_wconf 91' lang='lat' dir='ltr'>mortuum</span> <span class='ocrx_word' id='word_1_436' title='bbox 1432 417 1483 473; x_wconf 86' lang='lat' dir='ltr'>coli</span> <span class='ocrx_word' id='word_1_437' title='bbox 1497 433 1545 488; x_wconf 80' lang='lat' dir='ltr'>pro</span> <span class='ocrx_word' id='word_1_438' title='bbox 1559 418 1609 475; x_wconf 91' lang='lat' dir='ltr'>deo</span> <span class='ocrx_word' id='word_1_439' title='bbox 1626 419 1652 474; x_wconf 95' lang='lat' dir='ltr'>in</span> <span class='ocrx_word' id='word_1_440' title='bbox 1664 435 1697 476; x_wconf 92' lang='lat' dir='ltr'>eo</span> <span class='ocrx_word' id='word_1_441' title='bbox 1708 419 1770 477; x_wconf 85' lang='lat' dir='ltr'>loeo</span> 
     </span>
     <span class='ocr_line' id='line_1_63' title="bbox 988 505 1769 580; baseline 0.014 -20"><span class='ocrx_word' id='word_1_442' title='bbox 988 505 1032 561; x_wconf 90' lang='lat' dir='ltr'>ubl</span> <span class='ocrx_word' id='word_1_443' title='bbox 1047 505 1160 562; x_wconf 84' lang='lat' dir='ltr'>babebat</span> <span class='ocrx_word' id='word_1_444' title='bbox 1180 508 1329 577; x_wconf 83' lang='lat' dir='ltr'>sepulerum</span> <span class='ocrx_word' id='word_1_445' title='bbox 1342 526 1349 561; x_wconf 79' lang='grc' dir='ltr'>ι</span> <span class='ocrx_word' id='word_1_446' title='bbox 1364 507 1445 565; x_wconf 87' lang='lat' dir='ltr'>ialsus</span> <span class='ocrx_word' id='word_1_447' title='bbox 1464 525 1496 566; x_wconf 89' lang='lat' dir='ltr'>ae</span> <span class='ocrx_word' id='word_1_448' title='bbox 1517 510 1619 573; x_wconf 77' lang='lat' dir='ltr'>fallens,</span> <span class='ocrx_word' id='word_1_449' title='bbox 1640 511 1711 580; x_wconf 91' lang='lat' dir='ltr'>quod</span> <span class='ocrx_word' id='word_1_450' title='bbox 1723 527 1769 571; x_wconf 82' lang='lat' dir='ltr'>tn·</span> 
     </span>
     <span class='ocr_line' id='line_1_64' title="bbox 987 597 1767 671; baseline 0.009 -20"><span class='ocrx_word' id='word_1_451' title='bbox 987 598 1085 652; x_wconf 82' lang='lat' dir='ltr'>meavit</span> <span class='ocrx_word' id='word_1_452' title='bbox 1098 598 1124 653; x_wconf 89' lang='lat' dir='ltr'>in</span> <span class='ocrx_word' id='word_1_453' title='bbox 1137 597 1246 654; x_wconf 83' lang='lat' dir='ltr'>omium.</span> <span class='ocrx_word' id='word_1_454' title='bbox 1264 597 1416 671; x_wconf 76' lang='lat' dir='ltr'>Adjunqeus</span> <span class='ocrx_word' id='word_1_455' title='bbox 1428 599 1524 657; x_wconf 88' lang='lat' dir='ltr'>deinde</span> <span class='ocrx_word' id='word_1_456' title='bbox 1542 601 1614 657; x_wconf 88' lang='lat' dir='ltr'>aliud</span> <span class='ocrx_word' id='word_1_457' title='bbox 1628 620 1635 657; x_wconf 79' lang='grc' dir='ltr'>ι</span> <span class='ocrx_word' id='word_1_458' title='bbox 1651 601 1767 667; x_wconf 74' lang='lat' dir='ltr'>Hermen</span> 
     </span>
     <span class='ocr_line' id='line_1_65' title="bbox 988 688 1772 762; baseline 0.013 -19"><span class='ocrx_word' id='word_1_459' title='bbox 988 688 1083 761; x_wconf 89' lang='lat' dir='ltr'>inquit,</span> <span class='ocrx_word' id='word_1_460' title='bbox 1106 691 1180 762; x_wconf 79' lang='lat' dir='ltr'>eujus</span> <span class='ocrx_word' id='word_1_461' title='bbox 1198 693 1293 748; x_wconf 84' lang='lat' dir='ltr'>unitum</span> <span class='ocrx_word' id='word_1_462' title='bbox 1312 694 1375 748; x_wconf 83' lang='grc' dir='ltr'>ιιιιιιι</span> <span class='ocrx_word' id='word_1_463' title='bbox 1394 710 1485 750; x_wconf 86' lang='grc' dir='ltr'>ιιοιιιιιι</span> <span class='ocrx_word' id='word_1_464' title='bbox 1504 703 1549 762; x_wconf 87' lang='lat' dir='ltr'>est,</span> <span class='ocrx_word' id='word_1_465' title='bbox 1572 700 1655 751; x_wconf 83' lang='lat' dir='ltr'>nonne</span> <span class='ocrx_word' id='word_1_466' title='bbox 1675 696 1702 752; x_wconf 89' lang='lat' dir='ltr'>in</span> <span class='ocrx_word' id='word_1_467' title='bbox 1721 694 1772 753; x_wconf 79' lang='lat' dir='ltr'>tibi</span> 
     </span>
     <span class='ocr_line' id='line_1_66' title="bbox 988 781 1772 859; baseline 0.014 -27"><span class='ocrx_word' id='word_1_468' title='bbox 988 781 1135 850; x_wconf 76' lang='lat' dir='ltr'>coquomine</span> <span class='ocrx_word' id='word_1_469' title='bbox 1146 783 1247 852; x_wconf 74' lang='lat' dir='ltr'>qitrtriu¹</span> <span class='ocrx_word' id='word_1_470' title='bbox 1259 786 1406 848; x_wconf 85' lang='lat' dir='ltr'>consistens,</span> <span class='ocrx_word' id='word_1_471' title='bbox 1427 802 1513 842; x_wconf 85' lang='lat' dir='ltr'>omnes</span> <span class='ocrx_word' id='word_1_472' title='bbox 1530 789 1647 843; x_wconf 81' lang='lat' dir='ltr'>mercedes</span> <span class='ocrx_word' id='word_1_473' title='bbox 1661 789 1772 859; x_wconf 78' lang='lat' dir='ltr'>undique</span> 
     </span>
     <span class='ocr_line' id='line_1_67' title="bbox 988 871 1798 948; baseline 0.015 -23"><span class='ocrx_word' id='word_1_474' title='bbox 988 871 1111 927; x_wconf 80' lang='lat' dir='ltr'>uenientes</span> <span class='ocrx_word' id='word_1_475' title='bbox 1133 874 1237 943; x_wconf 77' lang='lat' dir='ltr'>adjurent</span> <span class='ocrx_word' id='word_1_476' title='bbox 1258 885 1332 946; x_wconf 88' lang='lat' dir='ltr'>utque</span> <span class='ocrx_word' id='word_1_477' title='bbox 1351 877 1500 932; x_wconf 77' lang='lat' dir='ltr'>sumerseti</span> <span class='ocrx_word' id='word_1_478' title='bbox 1513 877 1560 933; x_wconf 86' lang='lat' dir='ltr'>llio</span> <span class='ocrx_word' id='word_1_479' title='bbox 1573 878 1645 935; x_wconf 90' lang='lat' dir='ltr'>enlm</span> <span class='ocrx_word' id='word_1_480' title='bbox 1658 877 1771 936; x_wconf 73' lang='lat' dir='ltr'>linimen</span> <span class='ocrx_word' id='word_1_481' title='bbox 1793 934 1798 948; x_wconf 61' lang='grc'>,,</span> 
     </span>
     <span class='ocr_line' id='line_1_68' title="bbox 988 963 1770 1039; baseline 0.013 -21"><span class='ocrx_word' id='word_1_482' title='bbox 988 963 1083 1034; x_wconf 83' lang='lat' dir='ltr'>major,</span> <span class='ocrx_word' id='word_1_483' title='bbox 1105 963 1131 1020; x_wconf 92' lang='lat' dir='ltr'>id</span> <span class='ocrx_word' id='word_1_484' title='bbox 1155 974 1196 1022; x_wconf 84' lang='lat' dir='ltr'>ert</span> <span class='ocrx_word' id='word_1_485' title='bbox 1215 965 1369 1036; x_wconf 89' lang='lat' dir='ltr'>llereurius,</span> <span class='ocrx_word' id='word_1_486' title='bbox 1396 983 1474 1039; x_wconf 90' lang='lat' dir='ltr'>quern</span> <span class='ocrx_word' id='word_1_487' title='bbox 1500 969 1564 1025; x_wconf 86' lang='lat' dir='ltr'>dicit</span> <span class='ocrx_word' id='word_1_488' title='bbox 1587 986 1666 1028; x_wconf 87' lang='lat' dir='ltr'>arum</span> <span class='ocrx_word' id='word_1_489' title='bbox 1692 986 1770 1028; x_wconf 89' lang='lat' dir='ltr'>suunt</span> 
     </span>
     <span class='ocr_line' id='line_1_69' title="bbox 989 1051 1769 1132; baseline 0.019 -25"><span class='ocrx_word' id='word_1_490' title='bbox 989 1051 1081 1120; x_wconf 88' lang='lat' dir='ltr'>luisse,</span> <span class='ocrx_word' id='word_1_491' title='bbox 1093 1055 1120 1110; x_wconf 92' lang='lat' dir='ltr'>iu</span> <span class='ocrx_word' id='word_1_492' title='bbox 1133 1055 1294 1127; x_wconf 83' lang='lat' dir='ltr'>llermopoli,</span> <span class='ocrx_word' id='word_1_493' title='bbox 1311 1058 1362 1115; x_wconf 89' lang='lat' dir='ltr'>lroo</span> <span class='ocrx_word' id='word_1_494' title='bbox 1375 1070 1416 1115; x_wconf 91' lang='lat' dir='ltr'>est</span> <span class='ocrx_word' id='word_1_495' title='bbox 1429 1060 1455 1115; x_wconf 93' lang='lat' dir='ltr'>in</span> <span class='ocrx_word' id='word_1_496' title='bbox 1469 1061 1510 1117; x_wconf 93' lang='lat' dir='ltr'>sui</span> <span class='ocrx_word' id='word_1_497' title='bbox 1522 1062 1637 1119; x_wconf 90' lang='lat' dir='ltr'>nominis</span> <span class='ocrx_word' id='word_1_498' title='bbox 1650 1064 1769 1132; x_wconf 78' lang='lat' dir='ltr'>civitate,</span> 
     </span>
     <span class='ocr_line' id='line_1_70' title="bbox 989 1147 1771 1217; baseline 0.014 -15"><span class='ocrx_word' id='word_1_499' title='bbox 989 1160 1049 1202; x_wconf 86' lang='lat' dir='ltr'>esse</span> <span class='ocrx_word' id='word_1_500' title='bbox 1074 1147 1226 1217; x_wconf 80' lang='lat' dir='ltr'>perirlbetur</span> <span class='ocrx_word' id='word_1_501' title='bbox 1241 1150 1262 1202; x_wconf 83' lang='lat'>⁸.</span> <span class='ocrx_word' id='word_1_502' title='bbox 1291 1149 1359 1206; x_wconf 83' lang='lat' dir='ltr'>Ecce</span> <span class='ocrx_word' id='word_1_503' title='bbox 1384 1150 1451 1207; x_wconf 90' lang='lat' dir='ltr'>duos</span> <span class='ocrx_word' id='word_1_504' title='bbox 1476 1151 1542 1208; x_wconf 89' lang='lat' dir='ltr'>deos</span> <span class='ocrx_word' id='word_1_505' title='bbox 1562 1153 1626 1210; x_wconf 81' lang='lat' dir='ltr'>dicit</span> <span class='ocrx_word' id='word_1_506' title='bbox 1649 1155 1771 1213; x_wconf 88' lang='lat' dir='ltr'>homines</span> 
     </span>
     <span class='ocr_line' id='line_1_71' title="bbox 990 1237 1772 1320; baseline 0.015 -28"><span class='ocrx_word' id='word_1_507' title='bbox 990 1237 1081 1303; x_wconf 85' lang='lat' dir='ltr'>iuisse,</span> <span class='ocrx_word' id='word_1_508' title='bbox 1094 1238 1274 1308; x_wconf 82' lang='lat' dir='ltr'>AEseulaniuur</span> <span class='ocrx_word' id='word_1_509' title='bbox 1287 1250 1314 1296; x_wconf 88' lang='lat' dir='ltr'>et</span> <span class='ocrx_word' id='word_1_510' title='bbox 1327 1242 1494 1300; x_wconf 89' lang='lat' dir='ltr'>llerourium.</span> <span class='ocrx_word' id='word_1_511' title='bbox 1505 1244 1557 1301; x_wconf 88' lang='lat' dir='ltr'>Sed</span> <span class='ocrx_word' id='word_1_512' title='bbox 1571 1247 1605 1302; x_wconf 89' lang='lat' dir='ltr'>de</span> <span class='ocrx_word' id='word_1_513' title='bbox 1618 1247 1772 1320; x_wconf 80' lang='lat' dir='ltr'>AEseulapio</span> 
     </span>
     <span class='ocr_line' id='line_1_72' title="bbox 989 1329 1770 1403; baseline 0.014 -16"><span class='ocrx_word' id='word_1_514' title='bbox 989 1329 1113 1388; x_wconf 81' lang='lat' dir='ltr'>etGraeei</span> <span class='ocrx_word' id='word_1_515' title='bbox 1133 1343 1159 1387; x_wconf 91' lang='lat' dir='ltr'>et</span> <span class='ocrx_word' id='word_1_516' title='bbox 1173 1333 1259 1390; x_wconf 86' lang='lat' dir='ltr'>Lutini</span> <span class='ocrx_word' id='word_1_517' title='bbox 1282 1333 1333 1390; x_wconf 87' lang='lat' dir='ltr'>lroe</span> <span class='ocrx_word' id='word_1_518' title='bbox 1359 1336 1428 1392; x_wconf 89' lang='lat' dir='ltr'>idem</span> <span class='ocrx_word' id='word_1_519' title='bbox 1453 1339 1587 1403; x_wconf 87' lang='lat' dir='ltr'>sentiunt;</span> <span class='ocrx_word' id='word_1_520' title='bbox 1613 1340 1770 1398; x_wconf 88' lang='lat' dir='ltr'>lloreurium</span> 
     </span>
     <span class='ocr_line' id='line_1_73' title="bbox 989 1425 1774 1504; baseline 0.015 -27"><span class='ocrx_word' id='word_1_521' title='bbox 989 1432 1076 1478; x_wconf 92' lang='lat' dir='ltr'>autem</span> <span class='ocrx_word' id='word_1_522' title='bbox 1091 1425 1166 1481; x_wconf 91' lang='lat' dir='ltr'>multi</span> <span class='ocrx_word' id='word_1_523' title='bbox 1186 1442 1237 1481; x_wconf 92' lang='lat' dir='ltr'>non</span> <span class='ocrx_word' id='word_1_524' title='bbox 1261 1437 1353 1498; x_wconf 80' lang='lat' dir='ltr'>putant</span> <span class='ocrx_word' id='word_1_525' title='bbox 1372 1428 1454 1486; x_wconf 87' lang='lat' dir='ltr'>luisse</span> <span class='ocrx_word' id='word_1_526' title='bbox 1477 1433 1624 1501; x_wconf 77' lang='lat' dir='ltr'>mortalem,</span> <span class='ocrx_word' id='word_1_527' title='bbox 1639 1449 1717 1504; x_wconf 90' lang='lat' dir='ltr'>quem</span> <span class='ocrx_word' id='word_1_528' title='bbox 1732 1443 1774 1492; x_wconf 80' lang='grc' dir='ltr'>ιι·</span> 
     </span>
     <span class='ocr_line' id='line_1_74' title="bbox 990 1518 1773 1587; baseline 0.02 -16"><span class='ocrx_word' id='word_1_529' title='bbox 990 1532 1050 1572; x_wconf 92' lang='lat' dir='ltr'>men</span> <span class='ocrx_word' id='word_1_530' title='bbox 1064 1518 1114 1572; x_wconf 91' lang='lat' dir='ltr'>iste</span> <span class='ocrx_word' id='word_1_531' title='bbox 1127 1533 1204 1574; x_wconf 86' lang='lat' dir='ltr'>utum</span> <span class='ocrx_word' id='word_1_532' title='bbox 1223 1534 1300 1576; x_wconf 93' lang='lat' dir='ltr'>suum</span> <span class='ocrx_word' id='word_1_533' title='bbox 1320 1520 1402 1578; x_wconf 85' lang='lat' dir='ltr'>luisse</span> <span class='ocrx_word' id='word_1_534' title='bbox 1423 1534 1542 1580; x_wconf 87' lang='lat' dir='ltr'>testatur.</span> <span class='ocrx_word' id='word_1_535' title='bbox 1565 1528 1599 1581; x_wconf 86' lang='lat' dir='ltr'>tlt</span> <span class='ocrx_word' id='word_1_536' title='bbox 1619 1528 1690 1583; x_wconf 87' lang='lat' dir='ltr'>enirn</span> <span class='ocrx_word' id='word_1_537' title='bbox 1705 1529 1773 1587; x_wconf 80' lang='lat' dir='ltr'>alius</span> 
     </span>
     <span class='ocr_line' id='line_1_75' title="bbox 990 1609 1774 1690; baseline 0.011 -26"><span class='ocrx_word' id='word_1_538' title='bbox 990 1609 1095 1676; x_wconf 89' lang='lat' dir='ltr'>estille,</span> <span class='ocrx_word' id='word_1_539' title='bbox 1106 1611 1173 1666; x_wconf 89' lang='lat' dir='ltr'>alius</span> <span class='ocrx_word' id='word_1_540' title='bbox 1184 1612 1243 1680; x_wconf 88' lang='lat' dir='ltr'>iste,</span> <span class='ocrx_word' id='word_1_541' title='bbox 1257 1615 1377 1684; x_wconf 82' lang='lat' dir='ltr'>quumvis</span> <span class='ocrx_word' id='word_1_542' title='bbox 1391 1616 1483 1671; x_wconf 89' lang='lat' dir='ltr'>eodem</span> <span class='ocrx_word' id='word_1_543' title='bbox 1498 1618 1604 1673; x_wconf 92' lang='lat' dir='ltr'>nomine</span> <span class='ocrx_word' id='word_1_544' title='bbox 1619 1634 1774 1690; x_wconf 78' lang='lat' dir='ltr'>nuncupen-</span> 
     </span>
     <span class='ocr_line' id='line_1_76' title="bbox 991 1691 1774 1775; baseline 0.015 -20"><span class='ocrx_word' id='word_1_545' title='bbox 991 1709 1046 1756; x_wconf 88' lang='lat' dir='ltr'>tur.</span> <span class='ocrx_word' id='word_1_546' title='bbox 1057 1700 1113 1756; x_wconf 88' lang='lat' dir='ltr'>Non</span> <span class='ocrx_word' id='word_1_547' title='bbox 1128 1705 1238 1758; x_wconf 91' lang='lat' dir='ltr'>multum</span> <span class='ocrx_word' id='word_1_548' title='bbox 1249 1720 1345 1775; x_wconf 80' lang='lat' dir='ltr'>pugno,</span> <span class='ocrx_word' id='word_1_549' title='bbox 1356 1705 1425 1761; x_wconf 89' lang='lat' dir='ltr'>alius</span> <span class='ocrx_word' id='word_1_550' title='bbox 1436 1707 1480 1762; x_wconf 90' lang='lat' dir='ltr'>ille</span> <span class='ocrx_word' id='word_1_551' title='bbox 1496 1710 1541 1773; x_wconf 88' lang='lat' dir='ltr'>sit,</span> <span class='ocrx_word' id='word_1_552' title='bbox 1559 1710 1627 1764; x_wconf 85' lang='lat' dir='ltr'>eiius</span> <span class='ocrx_word' id='word_1_553' title='bbox 1637 1691 1688 1766; x_wconf 86' lang='lat' dir='ltr'>iste</span> <span class='ocrx_word' id='word_1_554' title='bbox 1702 1729 1709 1765; x_wconf 91' lang='lat'><strong>:</strong></span> <span class='ocrx_word' id='word_1_555' title='bbox 1725 1727 1774 1768; x_wconf 86' lang='lat' dir='ltr'>ne·</span> 
     </span>
     <span class='ocr_line' id='line_1_77' title="bbox 990 1794 1776 1867; baseline 0.018 -20"><span class='ocrx_word' id='word_1_556' title='bbox 990 1797 1049 1847; x_wconf 87' lang='lat' dir='ltr'>rium</span> <span class='ocrx_word' id='word_1_557' title='bbox 1064 1803 1092 1849; x_wconf 89' lang='lat' dir='ltr'>et</span> <span class='ocrx_word' id='word_1_558' title='bbox 1105 1794 1166 1861; x_wconf 86' lang='lat' dir='ltr'>iste,</span> <span class='ocrx_word' id='word_1_559' title='bbox 1182 1795 1250 1851; x_wconf 89' lang='lat' dir='ltr'>sieut</span> <span class='ocrx_word' id='word_1_560' title='bbox 1264 1795 1442 1867; x_wconf 79' lang='lat' dir='ltr'>AEseulanius,</span> <span class='ocrx_word' id='word_1_561' title='bbox 1464 1816 1496 1855; x_wconf 85' lang='lat' dir='ltr'>ex</span> <span class='ocrx_word' id='word_1_562' title='bbox 1518 1800 1626 1859; x_wconf 92' lang='lat' dir='ltr'>lromine</span> <span class='ocrx_word' id='word_1_563' title='bbox 1643 1804 1709 1859; x_wconf 88' lang='lat' dir='ltr'>deus</span> <span class='ocrx_word' id='word_1_564' title='bbox 1728 1819 1776 1860; x_wconf 86' lang='lat' dir='ltr'>se·</span> 
     </span>
     <span class='ocr_line' id='line_1_78' title="bbox 990 1883 1775 1963; baseline 0.014 -23"><span class='ocrx_word' id='word_1_565' title='bbox 990 1883 1104 1940; x_wconf 89' lang='lat' dir='ltr'>eundum</span> <span class='ocrx_word' id='word_1_566' title='bbox 1120 1887 1297 1944; x_wconf 88' lang='lat' dir='ltr'>testimonium</span> <span class='ocrx_word' id='word_1_567' title='bbox 1308 1889 1372 1943; x_wconf 85' lang='lat' dir='ltr'>tnnti</span> <span class='ocrx_word' id='word_1_568' title='bbox 1382 1889 1452 1960; x_wconf 80' lang='lat' dir='ltr'>apud</span> <span class='ocrx_word' id='word_1_569' title='bbox 1463 1904 1527 1946; x_wconf 90' lang='lat' dir='ltr'>suos</span> <span class='ocrx_word' id='word_1_570' title='bbox 1539 1891 1597 1957; x_wconf 86' lang='lat' dir='ltr'>viri,</span> <span class='ocrx_word' id='word_1_571' title='bbox 1612 1892 1691 1963; x_wconf 82' lang='lat' dir='ltr'>liujus</span> <span class='ocrx_word' id='word_1_572' title='bbox 1712 1891 1775 1950; x_wconf 82' lang='lat' dir='ltr'>urr-</span> 
     </span>
     <span class='ocr_line' id='line_1_79' title="bbox 990 1977 1298 2048; baseline 0.016 -17"><span class='ocrx_word' id='word_1_573' title='bbox 990 1977 1118 2048; x_wconf 76' lang='lat' dir='ltr'>smeqirti,</span> <span class='ocrx_word' id='word_1_574' title='bbox 1132 1979 1235 2048; x_wconf 84' lang='lat' dir='ltr'>nepotis</span> <span class='ocrx_word' id='word_1_575' title='bbox 1246 1979 1298 2036; x_wconf 87' lang='lat' dir='ltr'>suir</span> 
     </span>
    </p>

    <p class='ocr_par' dir='ltr' id='par_1_13' title="bbox 991 2069 1788 4530">
     <span class='ocr_line' id='line_1_80' title="bbox 1027 2069 1775 2135; baseline 0.013 -11"><span class='ocrx_word' id='word_1_576' title='bbox 1027 2070 1054 2124; x_wconf 77' lang='lat'>3.</span> <span class='ocrx_word' id='word_1_577' title='bbox 1073 2069 1168 2126; x_wconf 82' lang='lat' dir='ltr'>Adhuc</span> <span class='ocrx_word' id='word_1_578' title='bbox 1181 2070 1263 2135; x_wconf 77' lang='lat' dir='ltr'>addit,</span> <span class='ocrx_word' id='word_1_579' title='bbox 1284 2080 1311 2128; x_wconf 91' lang='lat' dir='ltr'>et</span> <span class='ocrx_word' id='word_1_580' title='bbox 1323 2072 1403 2128; x_wconf 85' lang='lat' dir='ltr'>utrtt:</span> <span class='ocrx_word' id='word_1_581' title='bbox 1418 2071 1472 2128; x_wconf 84' lang='lat' dir='ltr'>lsitr</span> <span class='ocrx_word' id='word_1_582' title='bbox 1486 2078 1543 2130; x_wconf 89' lang='lat' dir='ltr'>bero</span> <span class='ocrx_word' id='word_1_583' title='bbox 1554 2075 1679 2130; x_wconf 75' lang='lat' dir='ltr'>tenorent¹</span> <span class='ocrx_word' id='word_1_584' title='bbox 1692 2075 1775 2134; x_wconf 82' lang='lat' dir='ltr'>Osiris</span> 
     </span>
     <span class='ocr_line' id='line_1_81' title="bbox 991 2162 1777 2240; baseline 0.013 -25"><span class='ocrx_word' id='word_1_585' title='bbox 991 2176 1067 2230; x_wconf 83' lang='lat' dir='ltr'>quum</span> <span class='ocrx_word' id='word_1_586' title='bbox 1087 2162 1168 2216; x_wconf 89' lang='lat' dir='ltr'>uruito</span> <span class='ocrx_word' id='word_1_587' title='bbox 1188 2163 1252 2216; x_wconf 87' lang='lat' dir='ltr'>bonu</span> <span class='ocrx_word' id='word_1_588' title='bbox 1272 2173 1393 2233; x_wconf 76' lang='lat' dir='ltr'>prostare</span> <span class='ocrx_word' id='word_1_589' title='bbox 1413 2165 1557 2236; x_wconf 79' lang='lat' dir='ltr'>propitium,</span> <span class='ocrx_word' id='word_1_590' title='bbox 1578 2168 1678 2240; x_wconf 86' lang='lat' dir='ltr'>qrmntis</span> <span class='ocrx_word' id='word_1_591' title='bbox 1691 2167 1777 2225; x_wconf 82' lang='lat' dir='ltr'>obesse</span> 
     </span>
     <span class='ocr_line' id='line_1_82' title="bbox 991 2251 1777 2330; baseline 0.018 -27"><span class='ocrx_word' id='word_1_592' title='bbox 991 2251 1085 2306; x_wconf 88' lang='lat' dir='ltr'>seinrus</span> <span class='ocrx_word' id='word_1_593' title='bbox 1102 2252 1214 2308; x_wconf 70' lang='lat' dir='ltr'>iratum?</span> <span class='ocrx_word' id='word_1_594' title='bbox 1228 2254 1327 2310; x_wconf 84' lang='lat' dir='ltr'>Deinde</span> <span class='ocrx_word' id='word_1_595' title='bbox 1351 2264 1380 2309; x_wconf 94' lang='lat' dir='ltr'>ut</span> <span class='ocrx_word' id='word_1_596' title='bbox 1394 2256 1546 2312; x_wconf 82' lang='lat' dir='ltr'>ostenderet</span> <span class='ocrx_word' id='word_1_597' title='bbox 1567 2272 1597 2312; x_wconf 88' lang='lat' dir='ltr'>ex</span> <span class='ocrx_word' id='word_1_598' title='bbox 1614 2257 1665 2312; x_wconf 87' lang='lat' dir='ltr'>inre</span> <span class='ocrx_word' id='word_1_599' title='bbox 1677 2274 1777 2330; x_wconf 74' lang='lat' dir='ltr'>genere</span> 
     </span>
     <span class='ocr_line' id='line_1_83' title="bbox 993 2343 1776 2416; baseline 0.01 -16"><span class='ocrx_word' id='word_1_600' title='bbox 993 2359 1052 2400; x_wconf 90' lang='lat' dir='ltr'>esse</span> <span class='ocrx_word' id='word_1_601' title='bbox 1071 2343 1145 2411; x_wconf 86' lang='lat' dir='ltr'>deos,</span> <span class='ocrx_word' id='word_1_602' title='bbox 1167 2360 1233 2416; x_wconf 90' lang='lat' dir='ltr'>quos</span> <span class='ocrx_word' id='word_1_603' title='bbox 1254 2346 1297 2402; x_wconf 84' lang='lat' dir='ltr'>itta</span> <span class='ocrx_word' id='word_1_604' title='bbox 1313 2356 1369 2402; x_wconf 81' lang='lat' dir='ltr'>erte</span> <span class='ocrx_word' id='word_1_605' title='bbox 1384 2349 1504 2404; x_wconf 87' lang='lat' dir='ltr'>iroruirres</span> <span class='ocrx_word' id='word_1_606' title='bbox 1519 2350 1632 2406; x_wconf 84' lang='lat' dir='ltr'>iueinnt:</span> <span class='ocrx_word' id='word_1_607' title='bbox 1645 2352 1715 2408; x_wconf 90' lang='lat' dir='ltr'>unde</span> <span class='ocrx_word' id='word_1_608' title='bbox 1728 2350 1776 2408; x_wconf 89' lang='lat' dir='ltr'>dat</span> 
     </span>
     <span class='ocr_line' id='line_1_84' title="bbox 993 2436 1778 2509; baseline 0.015 -19"><span class='ocrx_word' id='word_1_609' title='bbox 993 2436 1102 2508; x_wconf 77' lang='lat' dir='ltr'>intelligi</span> <span class='ocrx_word' id='word_1_610' title='bbox 1118 2437 1251 2495; x_wconf 77' lang='lat' dir='ltr'>demones</span> <span class='ocrx_word' id='word_1_611' title='bbox 1264 2450 1295 2496; x_wconf 86' lang='lat' dir='ltr'>se</span> <span class='ocrx_word' id='word_1_612' title='bbox 1306 2439 1408 2509; x_wconf 82' lang='lat' dir='ltr'>opinari</span> <span class='ocrx_word' id='word_1_613' title='bbox 1420 2444 1451 2496; x_wconf 78' lang='grc' dir='ltr'>ιι</span> <span class='ocrx_word' id='word_1_614' title='bbox 1463 2440 1598 2498; x_wconf 89' lang='lat' dir='ltr'>lrnminunr</span> <span class='ocrx_word' id='word_1_615' title='bbox 1613 2436 1778 2502; x_wconf 85' lang='lat' dir='ltr'>mortuorunt</span> 
     </span>
     <span class='ocr_line' id='line_1_85' title="bbox 994 2529 1778 2605; baseline 0.014 -23"><span class='ocrx_word' id='word_1_616' title='bbox 994 2529 1089 2583; x_wconf 87' lang='lat' dir='ltr'>animis</span> <span class='ocrx_word' id='word_1_617' title='bbox 1103 2529 1246 2595; x_wconf 79' lang='lat' dir='ltr'>exstitisse,</span> <span class='ocrx_word' id='word_1_618' title='bbox 1269 2547 1335 2601; x_wconf 88' lang='lat' dir='ltr'>qnos</span> <span class='ocrx_word' id='word_1_619' title='bbox 1351 2547 1399 2601; x_wconf 86' lang='lat' dir='ltr'>per</span> <span class='ocrx_word' id='word_1_620' title='bbox 1409 2540 1506 2597; x_wconf 85' lang='lat' dir='ltr'>artem,</span> <span class='ocrx_word' id='word_1_621' title='bbox 1521 2549 1599 2605; x_wconf 90' lang='lat' dir='ltr'>quam</span> <span class='ocrx_word' id='word_1_622' title='bbox 1620 2536 1778 2593; x_wconf 83' lang='lat' dir='ltr'>inuenerunt</span> 
     </span>
     <span class='ocr_line' id='line_1_86' title="bbox 994 2620 1778 2697; baseline 0.011 -22"><span class='ocrx_word' id='word_1_623' title='bbox 994 2620 1115 2676; x_wconf 87' lang='lat' dir='ltr'>lromines</span> <span class='ocrx_word' id='word_1_624' title='bbox 1131 2622 1241 2677; x_wconf 90' lang='lat' dir='ltr'>multum</span> <span class='ocrx_word' id='word_1_625' title='bbox 1256 2634 1385 2687; x_wconf 87' lang='lat' dir='ltr'>errnntes,</span> <span class='ocrx_word' id='word_1_626' title='bbox 1400 2624 1526 2680; x_wconf 87' lang='lat' dir='ltr'>increduli</span> <span class='ocrx_word' id='word_1_627' title='bbox 1541 2635 1568 2681; x_wconf 92' lang='lat' dir='ltr'>et</span> <span class='ocrx_word' id='word_1_628' title='bbox 1581 2627 1730 2697; x_wconf 78' lang='lat' dir='ltr'>irreligiosi,</span> <span class='ocrx_word' id='word_1_629' title='bbox 1740 2628 1778 2685; x_wconf 84' lang='lat' dir='ltr'>uit</span> 
     </span>
     <span class='ocr_line' id='line_1_87' title="bbox 994 2713 1778 2787; baseline 0.008 -19"><span class='ocrx_word' id='word_1_630' title='bbox 994 2713 1092 2769; x_wconf 91' lang='lat' dir='ltr'>inditos</span> <span class='ocrx_word' id='word_1_631' title='bbox 1105 2713 1260 2779; x_wconf 85' lang='lat' dir='ltr'>simulacris,</span> <span class='ocrx_word' id='word_1_632' title='bbox 1275 2717 1335 2787; x_wconf 87' lang='lat' dir='ltr'>quiu</span> <span class='ocrx_word' id='word_1_633' title='bbox 1352 2715 1377 2770; x_wconf 92' lang='lat' dir='ltr'>lri</span> <span class='ocrx_word' id='word_1_634' title='bbox 1396 2716 1441 2787; x_wconf 88' lang='lat' dir='ltr'>qul</span> <span class='ocrx_word' id='word_1_635' title='bbox 1462 2717 1527 2773; x_wconf 83' lang='lat' dir='ltr'>tales</span> <span class='ocrx_word' id='word_1_636' title='bbox 1548 2718 1613 2773; x_wconf 90' lang='lat' dir='ltr'>dens</span> <span class='ocrx_word' id='word_1_637' title='bbox 1637 2719 1778 2787; x_wconf 82' lang='lat' dir='ltr'>brciebsnt,</span> 
     </span>
     <span class='ocr_line' id='line_1_88' title="bbox 994 2804 1780 2878; baseline 0.014 -21"><span class='ocrx_word' id='word_1_638' title='bbox 994 2804 1096 2858; x_wconf 89' lang='lat' dir='ltr'>animas</span> <span class='ocrx_word' id='word_1_639' title='bbox 1118 2806 1205 2860; x_wconf 86' lang='lat' dir='ltr'>iacere</span> <span class='ocrx_word' id='word_1_640' title='bbox 1228 2822 1280 2860; x_wconf 94' lang='lat' dir='ltr'>non</span> <span class='ocrx_word' id='word_1_641' title='bbox 1306 2810 1396 2878; x_wconf 90' lang='lat' dir='ltr'>utique</span> <span class='ocrx_word' id='word_1_642' title='bbox 1422 2817 1633 2878; x_wconf 81' lang='lat' dir='ltr'>poterant:oum</span> <span class='ocrx_word' id='word_1_643' title='bbox 1658 2812 1690 2868; x_wconf 84' lang='lat' dir='ltr'>rie</span> <span class='ocrx_word' id='word_1_644' title='bbox 1710 2809 1780 2868; x_wconf 85' lang='lat' dir='ltr'>iside</span> 
     </span>
     <span class='ocr_line' id='line_1_89' title="bbox 994 2895 1779 2970; baseline 0.011 -20"><span class='ocrx_word' id='word_1_645' title='bbox 994 2895 1114 2962; x_wconf 86' lang='lat' dir='ltr'>dixisset,</span> <span class='ocrx_word' id='word_1_646' title='bbox 1133 2897 1203 2967; x_wconf 83' lang='lat' dir='ltr'>quorl</span> <span class='ocrx_word' id='word_1_647' title='bbox 1222 2901 1437 2965; x_wconf 81' lang='lat' dir='ltr'>commemorabi,</span> <span class='ocrx_word' id='word_1_648' title='bbox 1455 2903 1560 2970; x_wconf 88' lang='lat' dir='ltr'>quantis</span> <span class='ocrx_word' id='word_1_649' title='bbox 1573 2902 1668 2958; x_wconf 85' lang='lat' dir='ltr'>obesse</span> <span class='ocrx_word' id='word_1_650' title='bbox 1681 2903 1779 2959; x_wconf 87' lang='lat' dir='ltr'>seimus</span> 
     </span>
     <span class='ocr_line' id='line_1_90' title="bbox 995 2988 1780 3061; baseline 0.01 -19"><span class='ocrx_word' id='word_1_651' title='bbox 995 2989 1101 3052; x_wconf 85' lang='lat' dir='ltr'>iratam,</span> <span class='ocrx_word' id='word_1_652' title='bbox 1116 2997 1224 3044; x_wconf 81' lang='lat' dir='ltr'>secutus</span> <span class='ocrx_word' id='word_1_653' title='bbox 1237 2988 1367 3058; x_wconf 73' lang='lat' dir='ltr'>adiunxit,</span> <span class='ocrx_word' id='word_1_654' title='bbox 1383 2989 1500 3047; x_wconf 76' lang='lat' dir='ltr'>Terrenis</span> <span class='ocrx_word' id='word_1_655' title='bbox 1519 2993 1609 3046; x_wconf 86' lang='lat' dir='ltr'>etenim</span> <span class='ocrx_word' id='word_1_656' title='bbox 1633 2993 1682 3048; x_wconf 88' lang='lat' dir='ltr'>diis</span> <span class='ocrx_word' id='word_1_657' title='bbox 1705 3003 1780 3061; x_wconf 83' lang='lat' dir='ltr'>utque</span> 
     </span>
     <span class='ocr_line' id='line_1_91' title="bbox 995 3082 1781 3153; baseline 0.009 -19"><span class='ocrx_word' id='word_1_658' title='bbox 995 3082 1131 3136; x_wconf 86' lang='lat' dir='ltr'>mundanis</span> <span class='ocrx_word' id='word_1_659' title='bbox 1145 3083 1221 3152; x_wconf 72' lang='lat' dir='ltr'>[urile</span> <span class='ocrx_word' id='word_1_660' title='bbox 1232 3092 1267 3136; x_wconf 92' lang='lat' dir='ltr'>est</span> <span class='ocrx_word' id='word_1_661' title='bbox 1277 3083 1362 3150; x_wconf 72' lang='lat' dir='ltr'>irasci,</span> <span class='ocrx_word' id='word_1_662' title='bbox 1374 3094 1460 3152; x_wconf 78' lang='lat' dir='ltr'>utpote</span> <span class='ocrx_word' id='word_1_663' title='bbox 1472 3087 1515 3153; x_wconf 87' lang='lat' dir='ltr'>qui</span> <span class='ocrx_word' id='word_1_664' title='bbox 1527 3086 1577 3138; x_wconf 92' lang='lat' dir='ltr'>sint</span> <span class='ocrx_word' id='word_1_665' title='bbox 1592 3086 1622 3139; x_wconf 89' lang='lat' dir='ltr'>ub</span> <span class='ocrx_word' id='word_1_666' title='bbox 1637 3086 1781 3142; x_wconf 79' lang='lat' dir='ltr'>bominibus</span> 
     </span>
     <span class='ocr_line' id='line_1_92' title="bbox 996 3171 1781 3248; baseline 0.008 -21"><span class='ocrx_word' id='word_1_667' title='bbox 996 3187 1029 3227; x_wconf 81' lang='lat' dir='ltr'>eu</span> <span class='ocrx_word' id='word_1_668' title='bbox 1040 3182 1144 3242; x_wconf 86' lang='lat' dir='ltr'>utroque</span> <span class='ocrx_word' id='word_1_669' title='bbox 1156 3171 1268 3225; x_wconf 63' lang='lat' dir='ltr'>notura*</span> <span class='ocrx_word' id='word_1_670' title='bbox 1280 3174 1342 3245; x_wconf 71' lang='lat' dir='ltr'>facti</span> <span class='ocrx_word' id='word_1_671' title='bbox 1355 3183 1428 3245; x_wconf 85' lang='lat' dir='ltr'>utque</span> <span class='ocrx_word' id='word_1_672' title='bbox 1445 3175 1586 3243; x_wconf 80' lang='lat' dir='ltr'>compositi.</span> <span class='ocrx_word' id='word_1_673' title='bbox 1610 3175 1650 3231; x_wconf 85' lang='lat' dir='ltr'>Ex</span> <span class='ocrx_word' id='word_1_674' title='bbox 1663 3183 1781 3248; x_wconf 82' lang='lat' dir='ltr'>&#39;utruque</span> 
     </span>
     <span class='ocr_line' id='line_1_93' title="bbox 996 3264 1783 3336; baseline 0.009 -18"><span class='ocrx_word' id='word_1_675' title='bbox 996 3273 1090 3319; x_wconf 85' lang='lat' dir='ltr'>natura</span> <span class='ocrx_word' id='word_1_676' title='bbox 1106 3264 1180 3330; x_wconf 89' lang='lat' dir='ltr'>dicit,</span> <span class='ocrx_word' id='word_1_677' title='bbox 1195 3280 1227 3319; x_wconf 85' lang='lat' dir='ltr'>os</span> <span class='ocrx_word' id='word_1_678' title='bbox 1247 3266 1333 3320; x_wconf 86' lang='lat' dir='ltr'>aninru</span> <span class='ocrx_word' id='word_1_679' title='bbox 1353 3275 1380 3322; x_wconf 90' lang='lat' dir='ltr'>et</span> <span class='ocrx_word' id='word_1_680' title='bbox 1399 3271 1527 3336; x_wconf 71' lang='lat' dir='ltr'>torpore:</span> <span class='ocrx_word' id='word_1_681' title='bbox 1543 3276 1570 3321; x_wconf 94' lang='lat' dir='ltr'>ut</span> <span class='ocrx_word' id='word_1_682' title='bbox 1584 3283 1631 3336; x_wconf 81' lang='lat' dir='ltr'>pro</span> <span class='ocrx_word' id='word_1_683' title='bbox 1645 3269 1731 3323; x_wconf 86' lang='lat' dir='ltr'>anima</span> <span class='ocrx_word' id='word_1_684' title='bbox 1746 3269 1783 3325; x_wconf 90' lang='lat' dir='ltr'>sit</span> 
     </span>
     <span class='ocr_line' id='line_1_94' title="bbox 996 3355 1782 3431; baseline 0.01 -22"><span class='ocrx_word' id='word_1_685' title='bbox 996 3355 1111 3422; x_wconf 75' lang='lat' dir='ltr'>demon,</span> <span class='ocrx_word' id='word_1_686' title='bbox 1128 3373 1176 3425; x_wconf 86' lang='lat' dir='ltr'>pro</span> <span class='ocrx_word' id='word_1_687' title='bbox 1194 3364 1307 3426; x_wconf 83' lang='lat' dir='ltr'>corpure</span> <span class='ocrx_word' id='word_1_688' title='bbox 1325 3359 1506 3413; x_wconf 84' lang='lat' dir='ltr'>simrtluerurn.</span> <span class='ocrx_word' id='word_1_689' title='bbox 1523 3357 1596 3414; x_wconf 83' lang='lat' dir='ltr'>Unde</span> <span class='ocrx_word' id='word_1_690' title='bbox 1616 3360 1729 3431; x_wconf 76' lang='lat' dir='ltr'>eontiqit,</span> <span class='ocrx_word' id='word_1_691' title='bbox 1745 3359 1782 3416; x_wconf 87' lang='lat' dir='ltr'>in·</span> 
     </span>
     <span class='ocr_line' id='line_1_95' title="bbox 997 3448 1784 3524; baseline 0.006 -22"><span class='ocrx_word' id='word_1_692' title='bbox 997 3450 1063 3519; x_wconf 87' lang='lat' dir='ltr'>quit,</span> <span class='ocrx_word' id='word_1_693' title='bbox 1076 3450 1107 3503; x_wconf 88' lang='lat' dir='ltr'>ub</span> <span class='ocrx_word' id='word_1_694' title='bbox 1119 3448 1250 3520; x_wconf 78' lang='lat' dir='ltr'>AEqqptiis</span> <span class='ocrx_word' id='word_1_695' title='bbox 1261 3451 1314 3504; x_wconf 84' lang='lat' dir='ltr'>bere</span> <span class='ocrx_word' id='word_1_696' title='bbox 1326 3459 1412 3505; x_wconf 90' lang='lat' dir='ltr'>sunctn</span> <span class='ocrx_word' id='word_1_697' title='bbox 1423 3452 1543 3505; x_wconf 88' lang='lat' dir='ltr'>unimniiu</span> <span class='ocrx_word' id='word_1_698' title='bbox 1555 3453 1706 3524; x_wconf 83' lang='lat' dir='ltr'>nuncupari,</span> <span class='ocrx_word' id='word_1_699' title='bbox 1717 3451 1784 3507; x_wconf 81' lang='lat' dir='ltr'>coii-</span> 
     </span>
     <span class='ocr_line' id='line_1_96' title="bbox 998 3542 1784 3614; baseline 0.008 -21"><span class='ocrx_word' id='word_1_700' title='bbox 998 3557 1046 3611; x_wconf 85' lang='lat' dir='ltr'>que</span> <span class='ocrx_word' id='word_1_701' title='bbox 1059 3558 1104 3612; x_wconf 78' lang='lat' dir='ltr'>per</span> <span class='ocrx_word' id='word_1_702' title='bbox 1116 3542 1228 3611; x_wconf 82' lang='lat' dir='ltr'>sinquins</span> <span class='ocrx_word' id='word_1_703' title='bbox 1247 3542 1355 3595; x_wconf 82' lang='lat' dir='ltr'>ciuitates</span> <span class='ocrx_word' id='word_1_704' title='bbox 1366 3558 1453 3595; x_wconf 88' lang='lat' dir='ltr'>eorum</span> <span class='ocrx_word' id='word_1_705' title='bbox 1475 3543 1583 3608; x_wconf 86' lang='lat' dir='ltr'>unimur,</span> <span class='ocrx_word' id='word_1_706' title='bbox 1607 3558 1712 3614; x_wconf 83' lang='lat' dir='ltr'>quorum</span> <span class='ocrx_word' id='word_1_707' title='bbox 1725 3549 1784 3599; x_wconf 84' lang='lat' dir='ltr'>sutri</span> 
     </span>
     <span class='ocr_line' id='line_1_97' title="bbox 998 3631 1783 3703; baseline 0.001 -17"><span class='ocrx_word' id='word_1_708' title='bbox 998 3642 1148 3686; x_wconf 82' lang='lat' dir='ltr'>conserente</span> <span class='ocrx_word' id='word_1_709' title='bbox 1161 3633 1265 3685; x_wconf 82' lang='lat' dir='ltr'>oiuerrtes</span> <span class='ocrx_word' id='word_1_710' title='bbox 1278 3631 1300 3699; x_wconf 82' lang='lat'>⁸,</span> <span class='ocrx_word' id='word_1_711' title='bbox 1320 3632 1356 3685; x_wconf 89' lang='lat' dir='ltr'>itn</span> <span class='ocrx_word' id='word_1_712' title='bbox 1370 3642 1396 3684; x_wconf 90' lang='lat' dir='ltr'>ut</span> <span class='ocrx_word' id='word_1_713' title='bbox 1410 3647 1496 3686; x_wconf 89' lang='lat' dir='ltr'>eorum</span> <span class='ocrx_word' id='word_1_714' title='bbox 1519 3631 1613 3703; x_wconf 78' lang='lat' dir='ltr'>icqibus</span> <span class='ocrx_word' id='word_1_715' title='bbox 1631 3633 1783 3700; x_wconf 79' lang='lat' dir='ltr'>incoluntur,</span> 
     </span>
     <span class='ocr_line' id='line_1_98' title="bbox 999 3723 1786 3792; baseline 0.009 -16"><span class='ocrx_word' id='word_1_716' title='bbox 999 3732 1125 3777; x_wconf 87' lang='lat' dir='ltr'>eteorum</span> <span class='ocrx_word' id='word_1_717' title='bbox 1141 3724 1283 3777; x_wconf 87' lang='lat' dir='ltr'>nominibus</span> <span class='ocrx_word' id='word_1_718' title='bbox 1305 3732 1489 3792; x_wconf 75' lang='lat' dir='ltr'>nuncupentur.</span> <span class='ocrx_word' id='word_1_719' title='bbox 1511 3723 1560 3780; x_wconf 86' lang='lat' dir='ltr'>Ubi</span> <span class='ocrx_word' id='word_1_720' title='bbox 1584 3733 1625 3780; x_wconf 87' lang='lat' dir='ltr'>est</span> <span class='ocrx_word' id='word_1_721' title='bbox 1650 3725 1692 3779; x_wconf 91' lang='lat' dir='ltr'>iila</span> <span class='ocrx_word' id='word_1_722' title='bbox 1713 3726 1786 3783; x_wconf 79' lang='lat' dir='ltr'>velut</span> 
     </span>
     <span class='ocr_line' id='line_1_99' title="bbox 1000 3816 1783 3888; baseline 0.004 -16"><span class='ocrx_word' id='word_1_723' title='bbox 1000 3819 1107 3887; x_wconf 88' lang='lat' dir='ltr'>querela</span> <span class='ocrx_word' id='word_1_724' title='bbox 1134 3818 1263 3885; x_wconf 90' lang='lat' dir='ltr'>luctuosa,</span> <span class='ocrx_word' id='word_1_725' title='bbox 1286 3818 1355 3888; x_wconf 91' lang='lat' dir='ltr'>qnod</span> <span class='ocrx_word' id='word_1_726' title='bbox 1381 3827 1450 3872; x_wconf 87' lang='lat' dir='ltr'>term</span> <span class='ocrx_word' id='word_1_727' title='bbox 1474 3816 1589 3888; x_wconf 76' lang='lat' dir='ltr'>AEqynttt</span> <span class='ocrx_word' id='word_1_728' title='bbox 1617 3819 1783 3876; x_wconf 85' lang='lat' dir='ltr'>sanctissima</span> 
     </span>
     <span class='ocr_line' id='line_1_100' title="bbox 1000 3899 1783 3980; baseline 0.001 -14"><span class='ocrx_word' id='word_1_729' title='bbox 1000 3911 1077 3966; x_wconf 90' lang='lat' dir='ltr'>sedes</span> <span class='ocrx_word' id='word_1_730' title='bbox 1101 3899 1271 3966; x_wconf 86' lang='lat' dir='ltr'>deliibrordm</span> <span class='ocrx_word' id='word_1_731' title='bbox 1297 3909 1376 3980; x_wconf 86' lang='lat' dir='ltr'>nique</span> <span class='ocrx_word' id='word_1_732' title='bbox 1400 3910 1575 3978; x_wconf 79' lang='lat' dir='ltr'>templorum,</span> <span class='ocrx_word' id='word_1_733' title='bbox 1600 3905 1783 3980; x_wconf 82' lang='lat' dir='ltr'>sepulcrorum</span> 
     </span>
     <span class='ocr_line' id='line_1_101' title="bbox 1000 3995 1787 4072; baseline 0.003 -17"><span class='ocrx_word' id='word_1_734' title='bbox 1000 4002 1085 4055; x_wconf 83' lang='lat' dir='ltr'>sutoro</span> <span class='ocrx_word' id='word_1_735' title='bbox 1100 4012 1170 4057; x_wconf 89' lang='lat' dir='ltr'>esset</span> <span class='ocrx_word' id='word_1_736' title='bbox 1184 4011 1401 4069; x_wconf 80' lang='lat' dir='ltr'>mortuorumque</span> <span class='ocrx_word' id='word_1_737' title='bbox 1415 3995 1695 4072; x_wconf 76' lang='lat' dir='ltr'>plenissimaliierrrpe</span> <span class='ocrx_word' id='word_1_738' title='bbox 1708 4003 1787 4072; x_wconf 80' lang='lat' dir='ltr'>spiri-</span> 
     </span>
     <span class='ocr_line' id='line_1_102' title="bbox 1001 4093 1787 4164; baseline 0.004 -18"><span class='ocrx_word' id='word_1_739' title='bbox 1001 4101 1043 4147; x_wconf 90' lang='lat' dir='ltr'>tus</span> <span class='ocrx_word' id='word_1_740' title='bbox 1061 4093 1150 4157; x_wconf 83' lang='lat' dir='ltr'>lullus,</span> <span class='ocrx_word' id='word_1_741' title='bbox 1170 4093 1244 4162; x_wconf 82' lang='lat' dir='ltr'>eujus</span> <span class='ocrx_word' id='word_1_742' title='bbox 1264 4093 1388 4148; x_wconf 85' lang='lat' dir='ltr'>instinctu</span> <span class='ocrx_word' id='word_1_743' title='bbox 1408 4093 1519 4148; x_wconf 83' lang='lat' dir='ltr'>Hermes</span> <span class='ocrx_word' id='word_1_744' title='bbox 1539 4094 1588 4148; x_wconf 90' lang='lat' dir='ltr'>ista</span> <span class='ocrx_word' id='word_1_745' title='bbox 1607 4093 1723 4160; x_wconf 88' lang='lat' dir='ltr'>dicebat,</span> <span class='ocrx_word' id='word_1_746' title='bbox 1739 4108 1787 4164; x_wconf 77' lang='lat' dir='ltr'>per</span> 
     </span>
     <span class='ocr_line' id='line_1_103' title="bbox 1001 4185 1786 4257; baseline 0.005 -16"><span class='ocrx_word' id='word_1_747' title='bbox 1001 4201 1061 4241; x_wconf 90' lang='lat' dir='ltr'>euru</span> <span class='ocrx_word' id='word_1_748' title='bbox 1081 4185 1167 4254; x_wconf 83' lang='lat' dir='ltr'>ipsum</span> <span class='ocrx_word' id='word_1_749' title='bbox 1180 4196 1287 4241; x_wconf 84' lang='lat' dir='ltr'>coaetus</span> <span class='ocrx_word' id='word_1_750' title='bbox 1301 4195 1342 4240; x_wconf 88' lang='lat' dir='ltr'>est</span> <span class='ocrx_word' id='word_1_751' title='bbox 1354 4186 1474 4240; x_wconf 88' lang='lat' dir='ltr'>eorrliteri</span> <span class='ocrx_word' id='word_1_752' title='bbox 1491 4186 1545 4257; x_wconf 85' lang='lat' dir='ltr'>jorn</span> <span class='ocrx_word' id='word_1_753' title='bbox 1568 4196 1631 4242; x_wconf 90' lang='lat' dir='ltr'>tuno</span> <span class='ocrx_word' id='word_1_754' title='bbox 1644 4188 1715 4242; x_wconf 89' lang='lat' dir='ltr'>illam</span> <span class='ocrx_word' id='word_1_755' title='bbox 1730 4196 1786 4244; x_wconf 85' lang='lat' dir='ltr'>ter·</span> 
     </span>
     <span class='ocr_line' id='line_1_104' title="bbox 1003 4277 1788 4348; baseline 0.008 -18"><span class='ocrx_word' id='word_1_756' title='bbox 1003 4277 1059 4330; x_wconf 83' lang='lat' dir='ltr'>ium</span> <span class='ocrx_word' id='word_1_757' title='bbox 1075 4277 1257 4347; x_wconf 81' lang='lat' dir='ltr'>sepulcrorum</span> <span class='ocrx_word' id='word_1_758' title='bbox 1271 4286 1297 4331; x_wconf 90' lang='lat' dir='ltr'>et</span> <span class='ocrx_word' id='word_1_759' title='bbox 1311 4287 1485 4339; x_wconf 84' lang='lat' dir='ltr'>mortuorum,</span> <span class='ocrx_word' id='word_1_760' title='bbox 1498 4293 1565 4348; x_wconf 91' lang='lat' dir='ltr'>quos</span> <span class='ocrx_word' id='word_1_761' title='bbox 1582 4293 1631 4348; x_wconf 81' lang='lat' dir='ltr'>nro</span> <span class='ocrx_word' id='word_1_762' title='bbox 1648 4278 1700 4334; x_wconf 91' lang='lat' dir='ltr'>diis</span> <span class='ocrx_word' id='word_1_763' title='bbox 1711 4279 1788 4336; x_wconf 87' lang='lat' dir='ltr'>oule-</span> 
     </span>
     <span class='ocr_line' id='line_1_105' title="bbox 1002 4366 1788 4440; baseline 0 -17"><span class='ocrx_word' id='word_1_764' title='bbox 1002 4367 1074 4433; x_wconf 90' lang='lat' dir='ltr'>bant,</span> <span class='ocrx_word' id='word_1_765' title='bbox 1092 4368 1171 4421; x_wconf 88' lang='lat' dir='ltr'>luisse</span> <span class='ocrx_word' id='word_1_766' title='bbox 1184 4367 1374 4436; x_wconf 81' lang='lat' dir='ltr'>plenissimum.</span> <span class='ocrx_word' id='word_1_767' title='bbox 1394 4367 1445 4423; x_wconf 86' lang='lat' dir='ltr'>Sed</span> <span class='ocrx_word' id='word_1_768' title='bbox 1469 4366 1547 4423; x_wconf 91' lang='lat' dir='ltr'>dolor</span> <span class='ocrx_word' id='word_1_769' title='bbox 1565 4368 1714 4423; x_wconf 74' lang='lat' dir='ltr'>demonum</span> <span class='ocrx_word' id='word_1_770' title='bbox 1740 4384 1788 4440; x_wconf 77' lang='lat' dir='ltr'>per</span> 
     </span>
     <span class='ocr_line' id='line_1_106' title="bbox 1001 4451 1787 4530; baseline 0 -16"><span class='ocrx_word' id='word_1_771' title='bbox 1001 4471 1062 4514; x_wconf 86' lang='lat' dir='ltr'>eum</span> <span class='ocrx_word' id='word_1_772' title='bbox 1074 4456 1238 4528; x_wconf 89' lang='lat' dir='ltr'>loquebatur,</span> <span class='ocrx_word' id='word_1_773' title='bbox 1250 4457 1295 4530; x_wconf 92' lang='lat' dir='ltr'>qui</span> <span class='ocrx_word' id='word_1_774' title='bbox 1304 4468 1366 4514; x_wconf 82' lang='lat' dir='ltr'>suus</span> <span class='ocrx_word' id='word_1_775' title='bbox 1376 4451 1478 4513; x_wconf 85' lang='lat' dir='ltr'>luturas</span> <span class='ocrx_word' id='word_1_776' title='bbox 1487 4472 1580 4529; x_wconf 85' lang='lat' dir='ltr'>pmnas</span> <span class='ocrx_word' id='word_1_777' title='bbox 1596 4459 1666 4530; x_wconf 81' lang='lat' dir='ltr'>apud</span> <span class='ocrx_word' id='word_1_778' title='bbox 1680 4467 1787 4516; x_wconf 83' lang='lat' dir='ltr'>saneto·-</span> 
     </span>
    </p>
   </div>
   <div class='ocr_carea' id='block_1_7' title="bbox 1001 4664 1790 4982">
    <p class='ocr_par' dir='ltr' id='par_1_14' title="bbox 1001 4664 1790 4859">
     <span class='ocr_line' id='line_1_107' title="bbox 1035 4664 1736 4736; baseline 0.001 -15"><span class='ocrx_word' id='word_1_779' title='bbox 1035 4672 1043 4702; x_wconf 85' lang='lat'><strong>¹</strong></span> <span class='ocrx_word' id='word_1_780' title='bbox 1057 4673 1093 4721; x_wconf 85' lang='lat' dir='ltr'>sie</span> <span class='ocrx_word' id='word_1_781' title='bbox 1104 4677 1157 4722; x_wconf 80' lang='lat' dir='ltr'>tiss.</span> <span class='ocrx_word' id='word_1_782' title='bbox 1170 4669 1234 4734; x_wconf 84' lang='lat' dir='ltr'>npud</span> <span class='ocrx_word' id='word_1_783' title='bbox 1247 4676 1284 4720; x_wconf 80' lang='lat' dir='ltr'>ur.</span> <span class='ocrx_word' id='word_1_784' title='bbox 1296 4677 1378 4720; x_wconf 86' lang='lat' dir='ltr'>autem</span> <span class='ocrx_word' id='word_1_785' title='bbox 1390 4677 1416 4721; x_wconf 91' lang='lat' dir='ltr'>et</span> <span class='ocrx_word' id='word_1_786' title='bbox 1425 4664 1491 4730; x_wconf 77' lang='lat' dir='ltr'>lon,</span> <span class='ocrx_word' id='word_1_787' title='bbox 1503 4668 1529 4721; x_wconf 84' lang='lat' dir='ltr'>iis</span> <span class='ocrx_word' id='word_1_788' title='bbox 1544 4669 1736 4736; x_wconf 73' lang='lat' dir='ltr'>connominirmi</span> 
     </span>
     <span class='ocr_line' id='line_1_108' title="bbox 1001 4731 1790 4796; baseline 0.003 -14"><span class='ocrx_word' id='word_1_789' title='bbox 1001 4731 1058 4782; x_wconf 82' lang='lat' dir='ltr'>triu</span> <span class='ocrx_word' id='word_1_790' title='bbox 1072 4741 1185 4782; x_wconf 85' lang='lat' dir='ltr'>seruatur</span> <span class='ocrx_word' id='word_1_791' title='bbox 1197 4732 1246 4782; x_wconf 89' lang='lat' dir='ltr'>illic</span> <span class='ocrx_word' id='word_1_792' title='bbox 1257 4745 1344 4782; x_wconf 88' lang='lat' dir='ltr'>sensus</span> <span class='ocrx_word' id='word_1_793' title='bbox 1357 4746 1363 4781; x_wconf 92' lang='lat'>:</span> <span class='ocrx_word' id='word_1_794' title='bbox 1376 4732 1420 4783; x_wconf 87' lang='lat' dir='ltr'>sed</span> <span class='ocrx_word' id='word_1_795' title='bbox 1430 4735 1528 4782; x_wconf 89' lang='lat' dir='ltr'>minime</span> <span class='ocrx_word' id='word_1_796' title='bbox 1540 4732 1687 4795; x_wconf 79' lang='lat' dir='ltr'>iursclenio,</span> <span class='ocrx_word' id='word_1_797' title='bbox 1697 4735 1738 4796; x_wconf 89' lang='lat' dir='ltr'>qui</span> <span class='ocrx_word' id='word_1_798' title='bbox 1780 4760 1790 4773; x_wconf 90' lang='lat'><strong>·</strong></span> 
     </span>
     <span class='ocr_line' id='line_1_109' title="bbox 1002 4792 1658 4859; baseline -0.008 -14"><span class='ocrx_word' id='word_1_799' title='bbox 1002 4794 1054 4855; x_wconf 89' lang='lat' dir='ltr'>bet,</span> <span class='ocrx_word' id='word_1_800' title='bbox 1067 4793 1114 4845; x_wconf 88' lang='lat' dir='ltr'>sibi</span> <span class='ocrx_word' id='word_1_801' title='bbox 1122 4807 1250 4859; x_wconf 80' lang='lat' dir='ltr'>coqnomen</span> <span class='ocrx_word' id='word_1_802' title='bbox 1257 4794 1381 4854; x_wconf 65' lang='lat' dir='ltr'>nutrium·</span> <span class='ocrx_word' id='word_1_803' title='bbox 1392 4796 1478 4843; x_wconf 89' lang='lat' dir='ltr'>omissa</span> <span class='ocrx_word' id='word_1_804' title='bbox 1490 4792 1613 4856; x_wconf 81' lang='lat' dir='ltr'>particula,</span> <span class='ocrx_word' id='word_1_805' title='bbox 1624 4792 1658 4843; x_wconf 87' lang='lat' dir='ltr'>in.</span> 
     </span>
    </p>

    <p class='ocr_par' dir='ltr' id='par_1_15' title="bbox 1003 4853 1790 4982">
     <span class='ocr_line' id='line_1_110' title="bbox 1034 4853 1790 4918; baseline 0 -12"><span class='ocrx_word' id='word_1_806' title='bbox 1034 4857 1138 4906; x_wconf 71' lang='lat' dir='ltr'>’tuboe</span> <span class='ocrx_word' id='word_1_807' title='bbox 1149 4858 1175 4906; x_wconf 82' lang='grc' dir='ltr'>ιι·</span> <span class='ocrx_word' id='word_1_808' title='bbox 1190 4857 1266 4906; x_wconf 85' lang='lat' dir='ltr'>esituo</span> <span class='ocrx_word' id='word_1_809' title='bbox 1276 4864 1349 4906; x_wconf 82' lang='lat' dir='ltr'>sesto</span> <span class='ocrx_word' id='word_1_810' title='bbox 1360 4858 1440 4918; x_wconf 82' lang='lat' dir='ltr'>eapite</span> <span class='ocrx_word' id='word_1_811' title='bbox 1458 4856 1533 4905; x_wconf 85' lang='lat' dir='ltr'>rerba</span> <span class='ocrx_word' id='word_1_812' title='bbox 1551 4869 1584 4903; x_wconf 92' lang='lat' dir='ltr'>no</span> <span class='ocrx_word' id='word_1_813' title='bbox 1617 4853 1665 4904; x_wconf 88' lang='lat' dir='ltr'>ullu</span> <span class='ocrx_word' id='word_1_814' title='bbox 1686 4860 1790 4911; x_wconf 79' lang='grc' dir='ltr'>ιιιιιοιι-</span> 
     </span>
     <span class='ocr_line' id='line_1_111' title="bbox 1003 4871 1790 4982; baseline -0.009 -15"><span class='ocrx_word' id='word_1_815' title='bbox 1003 4930 1064 4979; x_wconf 87' lang='lat' dir='ltr'>tuus,</span> <span class='ocrx_word' id='word_1_816' title='bbox 1077 4931 1132 4982; x_wconf 73' lang='lat' dir='ltr'>quse</span> <span class='ocrx_word' id='word_1_817' title='bbox 1143 4871 1220 4967; x_wconf 65' lang='lat' dir='ltr'>subu</span> <span class='ocrx_word' id='word_1_818' title='bbox 1243 4918 1339 4967; x_wconf 79' lang='lat' dir='ltr'>tuerent</span> <span class='ocrx_word' id='word_1_819' title='bbox 1357 4917 1381 4965; x_wconf 92' lang='lat' dir='ltr'>in</span> <span class='ocrx_word' id='word_1_820' title='bbox 1394 4917 1499 4974; x_wconf 84' lang='lat' dir='ltr'>excusis,</span> <span class='ocrx_word' id='word_1_821' title='bbox 1511 4917 1535 4964; x_wconf 92' lang='lat' dir='ltr'>in</span> <span class='ocrx_word' id='word_1_822' title='bbox 1547 4916 1605 4978; x_wconf 87' lang='lat' dir='ltr'>quilr</span> <span class='ocrx_word' id='word_1_823' title='bbox 1614 4929 1636 4965; x_wconf 89' lang='lat' dir='ltr'>rs</span> <span class='ocrx_word' id='word_1_824' title='bbox 1647 4917 1697 4966; x_wconf 89' lang='lat' dir='ltr'>ital</span> <span class='ocrx_word' id='word_1_825' title='bbox 1733 4922 1790 4972; x_wconf 80' lang='lat' dir='ltr'>ena.</span> 
     </span>
    </p>
   </div>
   <div class='ocr_carea' id='block_1_8' title="bbox 1001 4976 1797 5722">
    <p class='ocr_par' dir='ltr' id='par_1_16' title="bbox 1001 4976 1797 5722">
     <span class='ocr_line' id='line_1_112' title="bbox 1003 4976 1794 5087; baseline 0.001 -58"><span class='ocrx_word' id='word_1_826' title='bbox 1003 4977 1159 5052; x_wconf 70' lang='lat' dir='ltr'>tumuistis</span> <span class='ocrx_word' id='word_1_827' title='bbox 1174 4992 1203 5029; x_wconf 91' lang='lat' dir='ltr'>ue</span> <span class='ocrx_word' id='word_1_828' title='bbox 1213 4979 1299 5042; x_wconf 75' lang='lat' dir='ltr'>{nitens</span> <span class='ocrx_word' id='word_1_829' title='bbox 1311 4977 1438 5087; x_wconf 54' lang='lat' dir='ltr'>idimgf).</span> <span class='ocrx_word' id='word_1_830' title='bbox 1450 4978 1514 5037; x_wconf 86' lang='lat' dir='ltr'>quod</span> <span class='ocrx_word' id='word_1_831' title='bbox 1526 4976 1637 5027; x_wconf 80' lang='lat' dir='ltr'>censentit</span> <span class='ocrx_word' id='word_1_832' title='bbox 1648 4976 1676 5049; x_wconf 83' lang='lat' dir='ltr'>in</span> <span class='ocrx_word' id='word_1_833' title='bbox 1683 4992 1720 5030; x_wconf 79' lang='grc' dir='ltr'>ιιι</span> <span class='ocrx_word' id='word_1_834' title='bbox 1751 5042 1757 5054; x_wconf 27' lang='grc' dir='ltr'>ι</span> <span class='ocrx_word' id='word_1_835' title='bbox 1785 5021 1794 5048; x_wconf 79' lang='lat'>,</span> 
     </span>
     <span class='ocr_line' id='line_1_113' title="bbox 1002 5039 1794 5114; baseline 0.006 -22"><span class='ocrx_word' id='word_1_836' title='bbox 1002 5045 1093 5114; x_wconf 76' lang='grc' dir='ltr'>ιοιιιιιιιι</span> <span class='ocrx_word' id='word_1_837' title='bbox 1103 5050 1244 5112; x_wconf 74' lang='lat' dir='ltr'>etiamnunc</span> <span class='ocrx_word' id='word_1_838' title='bbox 1252 5040 1385 5112; x_wconf 77' lang='lat' dir='ltr'>bonnusbus</span> <span class='ocrx_word' id='word_1_839' title='bbox 1429 5045 1655 5110; x_wconf 58' lang='lat' dir='ltr'>twtwttwaoeblqm</span> <span class='ocrx_word' id='word_1_840' title='bbox 1666 5039 1794 5114; x_wconf 66' lang='lat' dir='ltr'>wilmus).</span> 
     </span>
     <span class='ocr_line' id='line_1_114' title="bbox 1002 5099 1796 5175; baseline -0.008 -22"><span class='ocrx_word' id='word_1_841' title='bbox 1002 5101 1237 5175; x_wconf 71' lang='lat' dir='ltr'>Adynnqeurdetude</span> <span class='ocrx_word' id='word_1_842' title='bbox 1248 5102 1325 5152; x_wconf 86' lang='lat' dir='ltr'>ubud.</span> <span class='ocrx_word' id='word_1_843' title='bbox 1337 5107 1363 5150; x_wconf 75' lang='lat' dir='ltr'>Et</span> <span class='ocrx_word' id='word_1_844' title='bbox 1373 5099 1444 5163; x_wconf 81' lang='lat' dir='ltr'>paulo</span> <span class='ocrx_word' id='word_1_845' title='bbox 1459 5107 1530 5162; x_wconf 87' lang='lat' dir='ltr'>post:</span> <span class='ocrx_word' id='word_1_846' title='bbox 1545 5107 1571 5148; x_wconf 93' lang='lat' dir='ltr'>tn</span> <span class='ocrx_word' id='word_1_847' title='bbox 1587 5115 1624 5152; x_wconf 86' lang='lat' dir='ltr'>sur</span> <span class='ocrx_word' id='word_1_848' title='bbox 1636 5114 1737 5154; x_wconf 80' lang='lat' dir='ltr'>numurus</span> <span class='ocrx_word' id='word_1_849' title='bbox 1760 5111 1796 5158; x_wconf 61' lang='lat' dir='ltr'>a.</span> 
     </span>
     <span class='ocr_line' id='line_1_115' title="bbox 1002 5161 1797 5234; baseline 0.008 -19"><span class='ocrx_word' id='word_1_850' title='bbox 1002 5171 1072 5215; x_wconf 82' lang='lat' dir='ltr'>errore</span> <span class='ocrx_word' id='word_1_851' title='bbox 1081 5163 1218 5228; x_wconf 80' lang='lat' dir='ltr'>perbrbetur</span> <span class='ocrx_word' id='word_1_852' title='bbox 1227 5176 1277 5215; x_wconf 88' lang='lat' dir='ltr'>esse</span> <span class='ocrx_word' id='word_1_853' title='bbox 1288 5164 1297 5225; x_wconf 92' lang='lat'><strong>(</strong></span> <span class='ocrx_word' id='word_1_854' title='bbox 1307 5163 1411 5234; x_wconf 70' lang='lat' dir='ltr'>semibus</span> <span class='ocrx_word' id='word_1_855' title='bbox 1420 5161 1439 5224; x_wconf 79' lang='lat' dir='ltr'>i.</span> <span class='ocrx_word' id='word_1_856' title='bbox 1452 5162 1565 5233; x_wconf 69' lang='lat' dir='ltr'>verbum,</span> <span class='ocrx_word' id='word_1_857' title='bbox 1581 5163 1694 5225; x_wconf 73' lang='lat' dir='ltr'>munitus,</span> <span class='ocrx_word' id='word_1_858' title='bbox 1708 5172 1735 5216; x_wconf 87' lang='lat' dir='ltr'>et</span> <span class='ocrx_word' id='word_1_859' title='bbox 1750 5168 1797 5220; x_wconf 84' lang='lat' dir='ltr'>aba</span> 
     </span>
     <span class='ocr_line' id='line_1_116' title="bbox 1003 5222 1769 5340; baseline 0 -65"><span class='ocrx_word' id='word_1_860' title='bbox 1003 5229 1144 5289; x_wconf 75' lang='lat' dir='ltr'>parenthesi</span> <span class='ocrx_word' id='word_1_861' title='bbox 1155 5226 1245 5275; x_wconf 81' lang='lat' dir='ltr'>inclusa</span> <span class='ocrx_word' id='word_1_862' title='bbox 1256 5239 1303 5275; x_wconf 91' lang='lat' dir='ltr'>nou</span> <span class='ocrx_word' id='word_1_863' title='bbox 1314 5225 1347 5273; x_wconf 87' lang='lat' dir='ltr'>iln</span> <span class='ocrx_word' id='word_1_864' title='bbox 1359 5222 1478 5272; x_wconf 83' lang='lat' dir='ltr'>nabenrm</span> <span class='ocrx_word' id='word_1_865' title='bbox 1488 5236 1513 5272; x_wconf 91' lang='lat' dir='ltr'>m</span> <span class='ocrx_word' id='word_1_866' title='bbox 1524 5226 1723 5339; x_wconf 59' lang='lat' dir='ltr'>mauuuerigtius.cl</span> <span class='ocrx_word' id='word_1_867' title='bbox 1761 5291 1769 5340; x_wconf 59' lang='lat' dir='ltr'><strong>i</strong></span> 
     </span>
     <span class='ocr_line' id='line_1_117' title="bbox 1002 5297 1796 5419; baseline 0.004 -21"><span class='ocrx_word' id='word_1_868' title='bbox 1002 5350 1027 5398; x_wconf 93' lang='lat' dir='ltr'>ln</span> <span class='ocrx_word' id='word_1_869' title='bbox 1038 5364 1087 5414; x_wconf 92' lang='lat' dir='ltr'>quo</span> <span class='ocrx_word' id='word_1_870' title='bbox 1097 5353 1131 5399; x_wconf 88' lang='lat' dir='ltr'>sie</span> <span class='ocrx_word' id='word_1_871' title='bbox 1142 5348 1247 5419; x_wconf 76' lang='lat' dir='ltr'>legitur:</span> <span class='ocrx_word' id='word_1_872' title='bbox 1262 5347 1318 5397; x_wconf 87' lang='lat' dir='ltr'>taint</span> <span class='ocrx_word' id='word_1_873' title='bbox 1337 5359 1392 5396; x_wconf 82' lang='lat' dir='ltr'>sero</span> <span class='ocrx_word' id='word_1_874' title='bbox 1410 5349 1434 5395; x_wconf 87' lang='lat' dir='ltr'>et</span> <span class='ocrx_word' id='word_1_875' title='bbox 1448 5346 1545 5419; x_wconf 43' lang='lat' dir='ltr'>osirim·</span> <span class='ocrx_word' id='word_1_876' title='bbox 1554 5360 1627 5405; x_wconf 85' lang='lat' dir='ltr'>quant</span> <span class='ocrx_word' id='word_1_877' title='bbox 1645 5297 1721 5400; x_wconf 64' lang='lat' dir='ltr'>urbita</span> <span class='ocrx_word' id='word_1_878' title='bbox 1730 5302 1796 5401; x_wconf 52' lang='lat' dir='ltr'>m</span> 
     </span>
     <span class='ocr_line' id='line_1_118' title="bbox 1002 5408 1794 5544; baseline 0.004 -23"><span class='ocrx_word' id='word_1_879' title='bbox 1002 5408 1632 5544; x_wconf 47' lang='lat' dir='ltr'>prffltt‘ebgrffifflefflgbaebbzerrfffflstrumo,</span> <span class='ocrx_word' id='word_1_880' title='bbox 1645 5471 1728 5535; x_wconf 84' lang='lat' dir='ltr'>babet,</span> <span class='ocrx_word' id='word_1_881' title='bbox 1751 5484 1794 5524; x_wconf 77' lang='lat' dir='ltr'>ex·</span> 
     </span>
     <span class='ocr_line' id='line_1_119' title="bbox 1001 5539 1793 5668; baseline 0 -22"><span class='ocrx_word' id='word_1_882' title='bbox 1001 5539 1163 5646; x_wconf 45' lang='grc' dir='ltr'>’1ῳέιὲἺῖ</span> <span class='ocrx_word' id='word_1_883' title='bbox 1162 5546 1203 5665; x_wconf 46' lang='grc' dir='ltr'>ξπ</span> <span class='ocrx_word' id='word_1_884' title='bbox 1200 5540 1376 5668; x_wconf 37' lang='lat' dir='ltr'>unffi&amp;</span> <span class='ocrx_word' id='word_1_885' title='bbox 1373 5545 1427 5668; x_wconf 55' lang='lat' dir='ltr'>effi</span> <span class='ocrx_word' id='word_1_886' title='bbox 1444 5593 1563 5657; x_wconf 84' lang='lat' dir='ltr'>tseleplo.</span> <span class='ocrx_word' id='word_1_887' title='bbox 1575 5599 1604 5644; x_wconf 82' lang='lat' dir='ltr'>lt</span> <span class='ocrx_word' id='word_1_888' title='bbox 1621 5599 1687 5655; x_wconf 80' lang='lat' dir='ltr'>Lon,</span> <span class='ocrx_word' id='word_1_889' title='bbox 1704 5593 1746 5657; x_wconf 84' lang='lat' dir='ltr'>qui</span> <span class='ocrx_word' id='word_1_890' title='bbox 1763 5609 1793 5646; x_wconf 87' lang='lat' dir='ltr'>eu</span> 
     </span>
     <span class='ocr_line' id='line_1_120' title="bbox 1002 5653 1791 5722; baseline 0 -14"><span class='ocrx_word' id='word_1_891' title='bbox 1002 5670 1169 5711; x_wconf 74' lang='lat' dir='ltr'>commonere</span> <span class='ocrx_word' id='word_1_892' title='bbox 1179 5664 1289 5711; x_wconf 80' lang='lat' dir='ltr'>mundes.</span> <span class='ocrx_word' id='word_1_893' title='bbox 1305 5668 1341 5708; x_wconf 87' lang='lat' dir='ltr'>ste</span> <span class='ocrx_word' id='word_1_894' title='bbox 1353 5663 1425 5709; x_wconf 77' lang='lat' dir='ltr'>etrum</span> <span class='ocrx_word' id='word_1_895' title='bbox 1443 5662 1480 5709; x_wconf 75' lang='lat' dir='ltr'>ur.</span> <span class='ocrx_word' id='word_1_896' title='bbox 1492 5662 1585 5710; x_wconf 90' lang='lat' dir='ltr'>mutato</span> <span class='ocrx_word' id='word_1_897' title='bbox 1603 5653 1690 5720; x_wconf 76' lang='grc' dir='ltr'>εοιιιιιι,</span> <span class='ocrx_word' id='word_1_898' title='bbox 1702 5669 1741 5721; x_wconf 80' lang='lat' dir='ltr'>eu,</span> <span class='ocrx_word' id='word_1_899' title='bbox 1757 5657 1791 5722; x_wconf 81' lang='lat' dir='ltr'>iu,</span> 
     </span>
    </p>
   </div>
   <div class='ocr_carea' id='block_1_9' title="bbox 1035 5285 1642 5347">
    <p class='ocr_par' dir='ltr' id='par_1_17' title="bbox 1035 5285 1642 5347">
     <span class='ocr_line' id='line_1_121' title="bbox 1035 5285 1642 5347; baseline 0 -11"><span class='ocrx_word' id='word_1_900' title='bbox 1035 5291 1045 5322; x_wconf 83' lang='lat'>⁸</span> <span class='ocrx_word' id='word_1_901' title='bbox 1058 5297 1235 5345; x_wconf 65' lang='lat' dir='ltr'>remunerem,</span> <span class='ocrx_word' id='word_1_902' title='bbox 1246 5288 1336 5336; x_wconf 87' lang='lat' dir='ltr'>abesta</span> <span class='ocrx_word' id='word_1_903' title='bbox 1349 5285 1515 5347; x_wconf 80' lang='lat' dir='ltr'>manuscriptis</span> <span class='ocrx_word' id='word_1_904' title='bbox 1524 5299 1617 5335; x_wconf 87' lang='lat' dir='ltr'>necnon</span> <span class='ocrx_word' id='word_1_905' title='bbox 1628 5301 1642 5336; x_wconf 87' lang='lat' dir='ltr'>a</span> 
     </span>
    </p>
   </div>
   <div class='ocr_carea' id='block_1_10' title="bbox 998 5725 1050 5775">
    <p class='ocr_par' dir='ltr' id='par_1_18' title="bbox 998 5725 1050 5775">
     <span class='ocr_line' id='line_1_122' title="bbox 998 5725 1050 5775; baseline -0.058 0"><span class='ocrx_word' id='word_1_906' title='bbox 998 5725 1050 5775; x_wconf 66' lang='lat' dir='ltr'>but.</span> 
     </span>
    </p>
   </div>
   <div class='ocr_carea' id='block_1_11' title="bbox 0 0 1973 6388">
    <p class='ocr_par' dir='ltr' id='par_1_19' title="bbox 0 0 1973 6388">
     <span class='ocr_line' id='line_1_123' title="bbox 0 0 1973 6388; baseline 0 0"><span class='ocrx_word' id='word_1_907' title='bbox 0 0 1973 6388; x_wconf 95' lang='lat' dir='ltr'> </span> 
     </span>
    </p>
   </div>
  </div>
 </body>
</html>
