3900 6390
225 333 278 390 tito

223 447 303 517 idque
316 446 350 500 sit
371 444 446 510 liniae
462 439 647 510 pncsurbilins
662 453 739 507 qttam
753 447 794 491 εει
809 437 872 490 iliud
893 435 961 488 undc
972 434 1005 488 ab

222 537 276 591 aiio
289 544 435 604 superatur.
451 538 488 585 tle
501 546 547 598 pcc
558 529 608 584 boe
622 544 686 582 sano
698 543 812 597 neroque
822 527 931 596 jndicio,
945 541 1004 578 cum

223 625 384 681 continentia
411 622 532 690 cortjugio
556 619 727 688 preleratur,
744 617 836 672 iitelior
853 626 894 671 est
918 627 1004 670 tamen

224 715 304 771 boma
324 714 407 768 fidelis
433 713 596 781 coniugatus,
620 726 698 780 quatu
719 711 857 764 continens
879 708 1003 763 infidelis.

224 804 276 860 sed
292 802 405 857 inlidelis
418 801 497 855 bouto
519 817 571 854 non
586 801 669 854 solum
684 800 769 852 utinus
787 797 942 861 laudandus,
958 811 1005 851 ve·

224 909 283 949 rum
307 893 386 946 etiam
412 891 524 945 maxime
544 889 714 944 detestandus
737 899 787 942 est.
810 887 1006 941 Constituamus

223 983 315 1039 ambos
328 983 411 1036 bonos
426 983 434 1013 ¹
446 997 453 1046 ;
469 983 547 1035 ctiam
563 981 601 1035 sic
620 979 739 1049 prolecto
752 980 898 1034 meliorest
911 980 1005 1047 coirju-

223 1082 299 1146 gatus
326 1074 495 1128 fidelissimus
520 1081 547 1126 et
574 1070 808 1126 obedientissimus
834 1069 899 1133 Deo,
927 1084 1005 1138 (poam

223 1167 363 1223 susstinens
382 1164 492 1219 ntitmris
520 1163 580 1217 ndei
606 1162 767 1231 minorisque
788 1161 946 1216 obedientias
962 1159 1004 1214 :si

224 1272 288 1312 xero
302 1259 373 1324 paria
388 1256 441 1311 sint
455 1264 550 1309 caetera
562 1295 570 1322 ,
584 1254 763 1308 continentem
777 1253 916 1324 coitjugato
937 1268 1006 1322 prte-

223 1346 294 1404 lerre
305 1349 315 1378 ¹
329 1347 388 1416 quis
399 1341 533 1414 ambigat?

223 1456 335 1515 CAPUT
357 1456 487 1512 XXXVH.
502 1485 537 1496 -
553 1455 589 1508 De
607 1454 644 1508 iiis
668 1469 723 1522 gnae
736 1455 763 1506 in
782 1453 851 1507 Esau
877 1464 900 1506 et
927 1452 1006 1507 lacot

424 1547 528 1615 mystice
561 1545 797 1615 praefigurabantur.

259 1661 315 1717 buo
335 1661 414 1730 igitur
435 1660 507 1714 lsaac
526 1657 584 1725 lilii,
599 1658 668 1712 Esau
682 1667 708 1711 ct
721 1656 813 1723 Jacob,
828 1656 926 1726 pariter
945 1670 1007 1710 ere·

224 1761 311 1808 scuut.
336 1752 467 1804 Primatus
490 1749 599 1818 majoris
621 1746 813 1802 transfunditur
827 1747 852 1800 in
878 1747 1008 1801 niitiorem

223 1860 256 1899 ex
275 1853 351 1914 paeto
375 1852 401 1896 ct
417 1841 512 1912 placito
529 1840 599 1895 inter
620 1840 690 1902 illus,
704 1854 736 1893 eo
748 1838 818 1907 quod
844 1838 1006 1903 lenticulam,

223 1950 301 2007 ortem
315 1936 403 1989 cibum
418 1933 504 1988 minor
519 1930 677 2003 paraverat³
692 1971 700 1998 ,
714 1930 798 2000 major
812 1930 1009 1984 immoderatius

223 2027 390 2096 concupivit,
409 2040 493 2092 eoque
507 2025 590 2094 pretio
613 2024 786 2093 primogenita
805 2037 851 2076 sua
874 2021 948 2076 tratri
962 2023 1006 2091 ju-

223 2119 324 2173 ratione
335 2118 487 2186 interposita
498 2115 623 2170 vendidit.
638 2113 687 2170 Ubi
701 2114 827 2168 discimus
838 2114 864 2168 iu
877 2113 1009 2168 vescendo

224 2223 276 2263 non
292 2207 341 2262 eibi
361 2221 469 2277 genere,
485 2205 531 2259 sed
547 2204 671 2259 aviditate
693 2203 866 2258 immoderata
878 2218 1009 2274 quemque

223 2300 392 2369 culpandum.
405 2298 525 2352 Senescit
538 2296 619 2361 isaac,
642 2296 752 2367 ejusque
766 2296 851 2351 oculis
871 2312 921 2365 per
932 2312 1009 2352 sone-

223 2399 291 2445 ctam
307 2390 378 2444 visus
393 2388 519 2443 aulertur.
531 2387 593 2441 Vult
605 2387 763 2442 benedicere
774 2386 855 2440 lilium
865 2387 1004 2457 majorem,

224 2489 252 2535 ει
267 2495 314 2548 pro
336 2479 381 2532 illo
402 2481 524 2531 nesciens
548 2475 681 2530 benedicit
706 2476 847 2537 minorem,
864 2491 912 2545 pro
927 2476 1008 2533 iratre

224 2553 335 2640 majore,
348 2571 391 2639 qui
405 2580 462 2624 erat
478 2569 587 2638 pilosus,
603 2582 632 2621 sc
642 2566 758 2636 paternis
772 2567 893 2620 matribus
907 2582 1007 2636 suppo-

224 2652 330 2715 nentem
349 2699 357 2726 ,
371 2658 482 2712 haedinis
497 2659 546 2712 sibi
560 2657 688 2726 pelliculis
700 2658 827 2725 coaptatis
839 2658 911 2712 velut
924 2660 1008 2713 alicua

224 2758 330 2819 peecata
357 2758 516 2818 portantem.
543 2747 595 2803 iste
617 2748 693 2803 dolus
711 2749 802 2814 Jacob,
817 2766 851 2803 ne
876 2760 1010 2819 putaretur

225 2842 407 2898 iraudulentus
417 2841 504 2904 dolus,
527 2849 554 2895 et
566 2855 618 2895 nun
642 2841 669 2894 in
689 2854 722 2895 eo
736 2856 837 2910 maguae
852 2842 889 2894 rei
911 2851 1010 2911 myste-

223 2933 292 2988 rium
318 2942 490 3004 numeretur,
505 2933 627 3002 superins
642 2934 763 3002 praedixit
775 2933 928 3002 Scriptum:
946 2934 1009 2988 Erat

225 3022 295 3079 Erae
309 3026 383 3077 iranro
396 3026 475 3078 sciens
490 3025 575 3078 venari
587 3066 594 3091 ‚
609 3025 712 3095 agrestia
728 3023 829 3078 :Jacob
841 3036 923 3079 antem
936 3027 1009 3081 lteram

224 3115 339 3185 simplex,
349 3115 463 3169 babitans
476 3117 575 3168 domurn
591 3116 599 3184 l
608 3114 671 3169 Geir.
688 3132 749 3177 xxv,
768 3114 861 3180 att-ot,
876 3115 938 3188 at).
952 3116 1009 3172 Hoc

225 3207 309 3275 nostri
321 3207 425 3276 quidam
441 3207 605 3275 interpretati
618 3217 689 3272 suut,
698 3207 752 3260 aine
764 3208 833 3262 doio.
848 3209 912 3264 Sine
921 3217 1009 3264 autem

223 3297 278 3352 riae
291 3297 360 3363 doio,
374 3298 429 3352 siue
441 3299 559 3368 einiples,
574 3299 631 3352 site
656 3298 741 3367 potius
754 3299 808 3352 sine
823 3300 923 3368 fictione
935 3300 1009 3356 dica·

224 3396 276 3456 tur,
299 3387 368 3457 quod
388 3397 428 3442 εει
440 3404 526 3456 grace
547 3394 675 3450 ᾶπιαπος,
691 3390 751 3460 quis
765 3398 805 3444 est
816 3389 849 3444 in
863 3391 911 3444 ista
926 3392 1009 3460 perci·

224 3478 317 3549 picride
345 3479 529 3533 benedictione
554 3481 630 3534 dolus
646 3480 760 3535 bominis
783 3483 840 3536 sine
854 3482 936 3537 dolol
950 3483 1010 3552 quis

223 3579 265 3625 est
279 3571 355 3624 dolus
368 3571 504 3639 simplicis,
529 3587 588 3640 quac
613 3573 682 3625 lictio
704 3589 757 3627 non
781 3576 943 3640 mentientis,
959 3577 1009 3631 nisi

224 3660 380 3731 profundum
396 3662 550 3730 mysterium
565 3662 699 3716 veritatis?
714 3662 769 3733 ipsa
796 3675 883 3719 autem
898 3666 1009 3721 benedi·

223 3749 277 3803 ctio
289 3749 374 3819 qualis
397 3750 455 3803 est?
471 3748 545 3816 Eece,
567 3751 660 3821 inquit,
685 3755 747 3806 ador
759 3755 807 3822 filii
826 3756 875 3808 mei
889 3767 1008 3825 tnnqnarn

224 3838 287 3892 ocior
300 3840 356 3908 agri
375 3841 451 3910 pleni,
468 3858 540 3910 qnam
566 3842 689 3896 benedixit
704 3841 839 3899 Doctrinae.
857 3845 889 3898 m
911 3846 951 3900 det
966 3846 1009 3900 tibi

224 3926 293 3983 Dens
305 3930 336 3983 de
361 3947 417 3982 rare
428 3931 494 3996 cmii,
518 3941 540 3985 et
555 3933 586 3986 de
599 3935 707 3987 ribertate
723 3944 806 4001 terrae,
830 3947 853 3989 et
869 3938 1008 3990 uinititudi·

224 4036 281 4074 nem
295 4023 412 4092 frumentii
425 4034 448 4076 et
462 4025 511 4077 uini
524 4041 534 4078 .·
546 4035 570 4078 et
584 4027 693 4080 molant
702 4028 745 4080 tibi
757 4039 851 4098 genter,
863 4040 886 4084 ει
905 4031 1009 4085 adorent

225 4121 249 4165 te
262 4112 396 4181 prinicipea,
411 4124 434 4166 et
448 4114 515 4180 βαι*
530 4116 646 4170 dontittne
661 4117 747 4185 [ratris
760 4121 807 4185 tni,
832 4131 856 4174 ct
869 4123 1009 4176 adoratam

225 4211 251 4255 te
263 4202 310 4271 pte
324 4205 402 4271 patris
417 4205 463 4257 tei.
479 4205 529 4272 Qui
540 4207 697 4262 maledixerit
710 4220 743 4274 te,
755 4210 918 4278 maledictnr,·
932 4223 954 4266 et
967 4216 1010 4284 gni

226 4293 377 4349 benedixerit
400 4307 433 4363 te,
458 4298 608 4352 benedictas.
633 4301 788 4357 Benedictio
815 4303 893 4374 igitur
916 4303 1008 4371 Jacob,

225 4386 379 4456 predicatio
392 4386 495 4461 ¹Cinisd
509 4391 588 4443 estin
608 4391 730 4446 οιιιιιίοιιε
743 4394 874 4463 gentibus.
890 4394 945 4448 lloc
968 4394 1007 4461 lit,

225 4476 277 4532 boc
287 4479 372 4546 agitur
387 4497 393 4533 ;
409 4480 462 4534 Lex
475 4491 502 4534 et
517 4480 656 4551 Propbetia
671 4493 713 4537 est
735 4483 807 4538 isaac
821 4484 833 4516 ⁸
848 4502 855 4537 ι
868 4485 948 4538 etiam
962 4500 1009 4554 per

225 4582 256 4622 os
268 4569 420 4624 iudeorum
433 4571 554 4627 Christus
568 4575 601 4627 ab
613 4575 656 4628 illa
672 4576 838 4630 benedicitur
852 4578 923 4631 velut
935 4593 949 4630 a
963 4593 1009 4632 nc·

224 4659 335 4727 sciente,
359 4661 419 4730 auia
441 4663 496 4730 ipsa
522 4666 646 4719 nescitur.
662 4667 749 4722 Odore
765 4668 879 4722 nominis
901 4668 1020 4734 Christi·

224 4752 292 4808 siem
304 4768 376 4823 ager,
400 4755 513 4810 mttndus
527 4757 671 4825 impletur:
690 4758 746 4827 ejus
761 4768 801 4812 cst
817 4759 965 4814 benedictio
976 4756 1008 4814 dc

224 4847 368 4911 carcerali,
385 4846 435 4901 itoc
456 4862 507 4913 εει,
526 4849 559 4903 de
575 4851 714 4904 verborum
737 4850 824 4919 pluuia
839 4852 1006 4915 divinorum;

224 4944 251 4989 et
265 4933 298 4989 dc
311 4936 429 4991 ubertate
445 4949 531 5003 terrm,
544 4938 594 4994 linc
606 4950 656 5003 est,
667 4940 699 4994 dc
712 4944 913 5011 congregatione
925 4959 1009 5012 popu-

224 5025 311 5081 lorum
323 5046 330 5083 ι
343 5029 400 5098 ejus
414 5040 455 5085 εει
468 5031 607 5086 mmtitudo
623 5032 749 5087 frumenti
762 5044 789 5088 ct
802 5035 866 5099 uini,
886 5034 938 5088 boe
956 5046 1006 5102 est,

256 5185 265 5216 ¹
282 5184 317 5234 sic
336 5198 423 5247 magno
443 5199 563 5236 consensu
585 5189 747 5250 manuscripti.
761 5195 789 5237 Αι
807 5189 874 5248 editi,
886 5189 931 5237 sed
951 5201 1007 5238 ron-

224 5243 300 5296 tittens
318 5243 423 5310 infidelis
442 5248 511 5297 leonto
533 5261 579 5298 noi
601 5248 677 5299 saitem
699 5248 777 5300 minin
796 5249 932 5299 immundus
951 5256 1005 5306 ert,

223 5305 280 5368 atriu
290 5321 315 5359 se
327 5308 435 5368 continet,
444 5310 502 5360 dnm
510 5323 558 5360 nort
568 5312 666 5371 credat,·
678 5325 759 5361 rernm
770 5311 842 5362 etiarn
852 5311 925 5360 inuita
932 5311 1007 5374 mergis

223 5365 401 5432 vituperandus,
414 5372 470 5433 qaia
482 5384 528 5420 iton
539 5371 625 5430 credit,
637 5387 691 5422 cnm
701 5386 726 5423 ce
737 5372 862 5424 continent.
873 5371 1006 5424 εοεειίιιιε-

223 5441 276 5480 mtto
286 5442 343 5493 ergo
351 5433 430 5482 ander
438 5433 517 5484 bonos.

255 5491 266 5523 ³
283 5499 334 5540 mss.
346 5493 407 5543 ξοδδ
419 5503 445 5545 ει
455 5495 524 5556 ξοδδ,
536 5493 657 5556 praeferri.
690 5503 718 5545 lt.
878 5554 885 5567 ι

233 5575 239 5591 =
255 5551 267 5584 ⁸
282 5551 420 5663 ἳοιεειιιιίο
431 5565 496 5618 ton,
507 5570 535 5608 eo
545 5557 608 5620 guod
617 5556 761 5616 belismon,
770 5569 840 5618 auam
851 5568 1006 5620 merorpare-

223 5624 280 5663 oern
294 5651 300 5663 .
335 5627 361 5666 ιι.

255 5678 266 5706 ι
282 5683 345 5739 Mssa,
356 5687 379 5731 α
391 5679 457 5744 acre·
678 5724 681 5729 ·
707 5739 714 5751 .
839 5713 841 5718 “

255 5737 266 5769 ⁸
282 5743 318 5790 tx.
332 5752 357 5794 ει
367 5749 432 5808 ιιι,
443 5748 478 5794 crt
489 5741 514 5795 in
527 5751 602 5795 imae.
614 5741 695 5798 locst.
704 5753 737 5805 n,
749 5752 766 5792 a
777 5740 842 5792 ilud,
854 5748 903 5793 nm.
915 5749 941 5791 ot
950 5747 1002 5792 uss.

740 324 782 380 uti
801 321 959 378 Cttllattt
982 318 1045 383 tet,
1062 317 1090 373 S.
1111 317 1291 373 AUGUSle'i
1790 321 1842 374 biii

1060 429 1199 483 inuititudo
1218 445 1295 498 cirtam
1311 431 1410 498 colligit
1431 431 1588 484 lruntcntnm
1604 442 1630 485 ει
1645 432 1733 484 vinum
1756 432 1781 484 in
1795 435 1843 484 Sa-

1058 533 1195 575 cramenta
1216 523 1336 591 corporis
1362 533 1388 576 ει
1414 525 1547 592 sanguinis
1574 525 1640 591 ejus.
1670 523 1699 576 Ei
1726 525 1844 578 seruiunt

1058 620 1160 680 gentes,
1185 612 1271 681 ipsum
1294 613 1405 666 adorant
1428 615 1567 681 principes.
1590 614 1647 683 lpse
1664 613 1843 669 estdominus

1059 699 1148 755 fratris
1174 703 1225 767 sni,
1252 705 1311 772 quia
1339 705 1450 773 populus
1474 704 1532 773 ejus
1556 705 1707 759 dominatur
1732 705 1840 760 ludaeis.

1059 792 1146 863 lpsum
1163 795 1275 849 adorant
1298 796 1343 848 tilii
1357 797 1438 864 patris
1456 797 1523 864 ejus,
1540 795 1714 855 bocest.s1lii
1731 797 1842 852 Abrabae

1058 887 1203 940 secundum
1219 887 1297 941 iidem
1321 889 1401 956 :quia
1416 898 1443 941 ct
1462 890 1517 956 ipsc
1530 890 1597 942 iilius
1619 899 1660 943 cst
1672 889 1786 945 Abralnc
1800 907 1844 944 sc-

1059 976 1173 1030 cundum
1185 992 1303 1032 carnem.
1315 978 1400 1047 lpsum
1415 980 1458 1047 ‹pui
1473 978 1649 1045 tualedixcrit,
1665 982 1820 1036 ritaledictus
1836 999 1843 1045 ;

1059 1069 1138 1137 etqui
1150 1069 1323 1135 benedixerit,
1338 1070 1493 1125 benedictus
1505 1081 1554 1126 est.
1570 1072 1701 1138 Christus,
1715 1075 1820 1143 inquam
1835 1116 1842 1141 ,

1059 1168 1150 1213 noster
1162 1159 1241 1213 eum
1255 1176 1287 1215 ex
1311 1176 1357 1215 ore
1369 1160 1532 1229 ludaeorum,
1554 1166 1672 1234 qxtaimvis
1687 1166 1842 1229 errantium,

1059 1246 1105 1301 sed
1121 1256 1210 1303 tamen
1223 1249 1318 1318 Legem
1333 1252 1530 1322 Proplietasquc
1552 1255 1713 1308 caritamium
1735 1255 1843 1309 benedi-

1059 1336 1137 1404 citur,
1155 1338 1181 1392 id
1204 1350 1245 1393 εει
1258 1342 1388 1395 veraciter
1401 1343 1512 1408 dicitur;
1529 1354 1556 1398 et
1570 1345 1637 1397 alius
1652 1345 1770 1399 benedici
1794 1364 1843 1416 pu-

1061 1437 1139 1493 tatur,
1148 1430 1191 1498 ipui
1204 1431 1237 1483 ab
1250 1431 1289 1484 eis
1304 1434 1454 1488 errantibus
1469 1444 1645 1503 exspectatur.
1659 1435 1726 1490 Eece
1737 1437 1843 1492 benedi-

1059 1518 1173 1572 ctionem
1200 1521 1357 1588 promissam
1387 1534 1524 1593 repetente
1544 1527 1663 1593 majore,
1693 1531 1844 1596 expavescit

1060 1608 1142 1673 isaac,
1166 1620 1193 1664 et
1213 1612 1293 1665 alium
1313 1629 1360 1682 pro
1374 1615 1426 1669 alio
1442 1629 1470 1670 se
1492 1615 1660 1671 benedixisse
1681 1633 1844 1688 cognosceus

1060 1702 1181 1767 miratur,
1195 1712 1222 1758 ει
1235 1705 1356 1774 quisnam
1379 1707 1424 1762 ille
1443 1709 1487 1773 sit,
1512 1719 1700 1779 pcmnnctatur
1716 1731 1723 1766 ε
1739 1727 1788 1767 ιιεε
1804 1722 1843 1765 ta-

1062 1807 1121 1847 men
1143 1809 1173 1848 se
1186 1795 1325 1864 deceptum
1349 1812 1408 1852 esse
1423 1801 1609 1870 conqueritur,
1627 1803 1681 1855 imo
1705 1802 1844 1858 confestim

1060 1883 1178 1937 revelato
1191 1884 1241 1938 sibi
1263 1886 1332 1940 intus
1344 1888 1369 1940 iu
1383 1889 1462 1944 eorde
1475 1906 1571 1960 magno
1591 1904 1758 1948 sacramento
1769 1894 1844 1948 deri·

1062 1981 1099 2026 tat
1127 1973 1347 2042 indignationem,
1373 1978 1513 2032 continuat
1536 1981 1757 2037 benedictionem.
1783 1983 1845 2050 Quia

1061 2079 1128 2135 ergo,
1155 2065 1248 2136 inquit,
1265 2078 1368 2122 oenatnr
1394 2081 1429 2123 ext
1451 2071 1512 2123 milri
1529 2072 1693 2139 certationem,
1715 2083 1738 2127 et
1761 2075 1845 2127 intniit

1061 2154 1132 2220 ntilti,
1152 2165 1175 2209 et
1200 2158 1348 2211 ntarrdncuoi
1369 2160 1400 2212 ab
1414 2162 1538 2225 otnnibns,
1551 2171 1683 2231 antequam
1700 2173 1727 2216 tn
1741 2165 1844 2228 venires

1060 2253 1084 2297 et
1096 2243 1210 2300 berrcdixi
1221 2264 1287 2314 eniri,
1301 2260 1324 2301 et
1341 2250 1373 2303 sit
1395 2250 1554 2322 berredictns(
1567 2251 1629 2306 (len.
1643 2269 1725 2316 xxvii,
1737 2253 1842 2321 ξἹ-ξο,

1062 2335 1213 2404 dillonis
1229 2352 1280 2392 non
1298 2339 1340 2393 luc
1353 2342 1564 2396 trtitledictionem
1579 2345 1665 2412 potius
1680 2354 1846 2413 exspectaret

1062 2428 1132 2494 irati,
1148 2429 1170 2483 si
1185 2430 1242 2486 lraee
1263 2448 1317 2486 non
1339 2448 1452 2502 superna
1473 2436 1655 2504 inspiratione,
1670 2438 1717 2493 sed
1741 2449 1846 2495 terreno

1061 2534 1135 2576 ιιιοιε
1147 2525 1404 2590 gererenturioms,
1418 2539 1506 2595 gestus
1517 2527 1563 2582 sed
1572 2529 1725 2598 prophetice
1736 2540 1825 2600 gestus
1837 2548 1844 2595 ;

1060 2610 1087 2664 in
1101 2619 1180 2678 terrn,
1196 2615 1242 2668 sed
1256 2616 1376 2680 caelitus,
1392 2633 1439 2686 pcr
1453 2618 1584 2687 nominee,
1605 2622 1651 2676 sed
1663 2622 1788 2677 divinitus
1800 2625 1807 2676 l
1818 2625 1846 2679 Si

1060 2702 1230 2758 excutiantur
1245 2707 1347 2777 singula
1362 2709 1442 2762 tantis
1466 2709 1577 2764 secunda
1600 2713 1743 2783 mysteriis,
1763 2715 1846 2768 multa

1060 2801 1123 2849 sunt
1146 2795 1278 2864 implenda
1306 2798 1440 2852 volumina
1466 2820 1472 2852 :
1499 2802 1544 2855 scd
1570 2801 1631 2856 liuic
1651 2804 1724 2871 operi
1753 2805 1846 2858 modus

1061 2884 1197 2941 moderate
1227 2888 1402 2957 imponendus
1421 2906 1471 2945 nos
1492 2892 1516 2944 in
1543 2894 1593 2948 alia
1622 2895 1748 2948 festinare
1774 2911 1846 2950 conr·

1061 2975 1143 3045 [tellit.

1060 3083 1172 3144 CAPUT
1195 3090 1434 3149 xxxiiii-De
1456 3097 1531 3149 nrisxo
1550 3095 1630 3150 Jacob
1648 3099 1675 3150 in
1703 3097 1846 3168 Mesopota·

1096 3182 1218 3236 etiamad
1232 3187 1401 3254 accipiendam
1415 3205 1533 3252 reorent,
1547 3199 1569 3242 et
1587 3189 1618 3241 dc
1628 3190 1720 3242 risione
1731 3207 1806 3261 quarn
1820 3193 1846 3244 in

1096 3272 1184 3327 itinere
1195 3279 1344 3342 sotrrnimrit,
1358 3280 1421 3333 etde
1434 3290 1542 3350 quatuor
1565 3282 1643 3350 ipsine
1658 3283 1756 3350 (cuinam
1768 3323 1776 3346 ,
1789 3298 1846 3336 cam

1061 3356 1063 3360 Α
1097 3384 1172 3423 anam
1187 3372 1297 3439 petiisset
1309 3386 1421 3424 errorent.

1097 3487 1123 3541 l.
1134 3485 1245 3539 Mittitur
1268 3482 1349 3537 tacco
1372 3498 1387 3535 a
1405 3481 1558 3549 parentibus
1571 3483 1597 3535 in
1612 3483 1844 3553 Mesopotamiam,

1062 3588 1089 3633 ut
1100 3578 1134 3631 ibi
1144 3577 1224 3631 ducat
1238 3589 1357 3629 uxorem.
1369 3573 1454 3627 Patris
1467 3573 1595 3627 mittentis
1603 3572 1752 3628 limc1i¹erba
1764 3584 1844 3630 sunt:

1062 3667 1123 3722 Non
1135 3666 1241 3733 accipies
1261 3680 1364 3717 rnorem
1386 3679 1417 3716 ex
1436 3663 1536 3730 filiabus
1551 3663 1751 3718 chananeorum
1767 3682 1846 3720 :mr-

1061 3776 1120 3830 genr
1132 3762 1192 3828 lnge
1205 3757 1231 3810 in
1244 3754 1453 3823 Mesopotamiam
1474 3754 1500 3806 in
1513 3754 1613 3807 dantum
1626 3754 1734 3808 Butbnet
1746 3796 1753 3821 ‚
1767 3758 1846 3824 patrie

1061 3853 1148 3905 matrix
1158 3860 1217 3915 tute,
1233 3858 1256 3902 et
1270 3863 1340 3901 snme
1354 3845 1398 3899 tibi
1410 3846 1467 3898 inde
1480 3862 1581 3900 risorem
1596 3847 1733 3915 desiliebat
1745 3846 1844 3915 Ladan,

1061 3943 1146 4012 fratris
1168 3942 1255 3994 matris
1269 3950 1328 3993 tute.
1349 3937 1418 3991 Dens
1429 3947 1513 3991 antem
1533 3954 1601 3991 niens
1617 3937 1745 3991 benedicat
1770 3950 1807 4004 te,
1823 3950 1846 3993 et

1060 4042 1149 4104 capeat
1165 4043 1205 4097 te,
1223 4042 1247 4084 et
1259 4029 1407 4098 nmltr'plicet
1427 4038 1503 4091 te,·ct
1528 4029 1575 4081 eris
1595 4029 1620 4081 in
1641 4033 1845 4100 cottpregationca

1061 4125 1194 4194 gentium:
1208 4133 1230 4177 et
1245 4122 1286 4175 ciet
1313 4120 1355 4173 tibi
1369 4119 1563 4173 benedictionem
1577 4120 1684 4174 Abrabae
1705 4122 1786 4191 patris
1809 4123 1845 4175 tui

1061 4213 1112 4285 (a),
1126 4214 1169 4267 tibi
1181 4223 1204 4267 et
1218 4215 1307 4267 semini
1317 4222 1359 4266 tim
1372 4222 1426 4282 poet
1438 4221 1478 4273 te,
1494 4221 1521 4264 nt
1532 4212 1610 4265 lroeres
1620 4213 1668 4280 fiae
1680 4222 1753 4271 terrie
1771 4214 1845 4266 inco·

1061 4303 1126 4358 latas
1139 4304 1189 4367 tnr',
1204 4319 1279 4374 qnam
1292 4302 1360 4355 dedit
1374 4301 1442 4354 bene
1454 4300 1563 4354 Abrabae
1576 4299 1649 4369 (Gen.
1664 4317 1757 4365 xxnu,
1774 4303 1843 4371 Η).

1061 4396 1197 4464 liic¹jeun
1218 4395 1387 4464 intelligimus
1409 4404 1574 4463 segregatum
1596 4408 1687 4447 semen
1706 4392 1790 4448 iacob
1811 4395 1845 4447 ab

1061 4487 1113 4541 aiio
1126 4485 1228 4540 semine
1241 4484 1327 4547 isaac,
1339 4483 1410 4553 quud
1426 4484 1521 4537 lactum
1535 4492 1576 4536 est
1587 4499 1632 4551 per
1642 4482 1721 4536 Esau.
1733 4485 1845 4550 Quando

1060 4576 1131 4631 enim
1147 4575 1244 4629 dictum
1260 4584 1320 4638 εει,
1336 4573 1369 4626 ln
1390 4572 1465 4626 lenae
1480 4573 1605 4626 rorabitur
1623 4573 1667 4625 tibi
1689 4589 1773 4626 serien
1789 4572 1843 4644 (td.

1060 4681 1126 4730 xxn,
1142 4664 1197 4737 li),
1214 4665 1346 4733 pertinens
1361 4663 1450 4731 trtiguc
1465 4676 1554 4715 semen
1577 4661 1611 4716 ad
1623 4663 1756 4717 ciuitatem
1780 4663 1843 4726 bei,

1061 4766 1210 4826 separatum
1226 4765 1266 4809 cst
1279 4754 1339 4807 inde
1353 4754 1423 4807 alind
1446 4768 1536 4805 εειιιειι
1551 4753 1680 4815 abraba,
1695 4753 1767 4821 quod
1788 4764 1845 4809 emt

1061 4850 1087 4903 in
1101 4849 1204 4902 ancillae
1216 4846 1280 4911 lilio,
1290 4855 1318 4899 et
1327 4845 1397 4914 quod
1407 4843 1521 4897 iuturum
1531 4852 1587 4896 crat
1600 4843 1627 4896 in
1641 4845 1701 4897 liliis
1711 4844 1843 4898 Cetlxune.

1060 4942 1113 4997 Sed
1127 4940 1214 4994 adbuc
1228 4949 1286 4993 crat
1306 4937 1456 5007 ambiguum
1472 4937 1505 4991 de
1524 4935 1626 4989 daubus
1644 4936 1758 5005 geminis
1782 4936 1845 4991 siliis

1061 5033 1144 5097 isaac,
1158 5047 1191 5084 an
1205 5031 1237 5084 ad
1252 5038 1401 5096 utrumque,
1416 5043 1449 5079 an
1463 5027 1495 5079 ad
1510 5041 1690 5080 unumeorum
1705 5026 1749 5080 illa
1764 5027 1846 5081 betic-

1060 5125 1139 5178 dietio
1153 5123 1313 5191 pertineret;
1325 5120 1382 5174 etsi
1404 5120 1436 5172 ad
1453 5134 1544 5184 unum,
1557 5119 1678 5188 quisnam
1693 5130 1765 5174 esset
1783 5120 1844 5173 iiio-

1060 5231 1127 5270 rnm.
1142 5213 1217 5281 Qrtod
1234 5227 1304 5265 nunc
1324 5211 1485 5266 declaratum
1505 5217 1560 5274 est,
1582 5226 1643 5265 cum
1659 5211 1810 5282 prophetice
1828 5226 1844 5265 a

1060 5316 1134 5374 patre
1148 5304 1313 5358 benedicitur
1329 5299 1420 5365 iacob,
1435 5312 1460 5354 ct
1473 5298 1570 5355 dicitur
1580 5303 1603 5355 ei
1622 5317 1628 5352 :
1642 5299 1675 5353 Et
1686 5303 1735 5354 eris
1749 5302 1775 5354 in
1783 5318 1843 5353 con·

1059 5397 1214 5469 precationes
1229 5398 1356 5466 gentiam,
1372 5403 1394 5447 et
1408 5394 1448 5447 det
1461 5393 1504 5446 tibi
1529 5393 1722 5446 benedictionem
1737 5393 1842 5447 libralia·

1059 5489 1136 5560 patris
1150 5488 1195 5541 tui.

1090 5675 1098 5705 ¹
1115 5670 1152 5721 sic
1163 5669 1232 5718 vind.
1243 5675 1292 5716 lm.
1303 5679 1329 5717 ει
1339 5673 1392 5716 ιιεε.
1404 5670 1430 5712 ιιι
1440 5669 1478 5714 er.
1489 5670 1514 5713 et
1524 5668 1595 5732 lon,¹
1604 5657 1672 5730 ltine.

1090 5730 1127 5798 (a)
1143 5739 1167 5782 tn
1176 5730 1263 5795 graecis
1271 5729 1358 5789 ubilis,
1370 5733 1450 5791 pieros
1460 5738 1524 5787 ιιιοιι,
1532 5731 1607 5789 marn
1617 5735 1672 5773 tana.
