3900 6390
208 237 259 297 871

210 351 286 411 icaro
307 353 378 426 hilo,
391 353 462 427 quod
475 354 526 413 tihi
538 356 671 435 coaptatis
680 359 774 429 pemds
783 359 930 418 volaverint
943 378 951 416 a
962 361 997 418 de

212 444 326 520 OErlipo,
341 447 412 517 quod
432 456 578 503 monstrum
593 448 738 520 quoddam,
751 466 811 522 qum
825 451 942 522 Sphinga
954 452 997 511 di·

213 538 332 605 debatur,
347 537 462 594 bumana
475 538 541 596 lacie
553 541 751 613 quadrupedem
762 544 782 609 ¹,
793 545 879 600 soluta
891 560 950 616 quae
964 544 998 600 ab

213 627 257 683 illa
274 628 385 699 proponi
408 629 510 685 solebat
522 630 594 685 velut
616 632 751 688 insolubili
772 637 928 704 questione,
950 650 999 691 suo

215 719 361 791 precipitio
377 720 462 790 perire
473 723 630 790 compulerit
642 741 648 777 :
662 724 695 779 de
711 726 815 793 Antaeo,
827 741 906 797 quem
921 742 1000 783 oeca-

215 809 255 864 nit
266 809 401 873 llercules,
425 811 494 880 quod
511 812 580 867 hlius
594 813 683 869 Terre
697 813 787 879 luerit,
807 827 915 887 propter
930 816 1001 886 «guod

217 899 314 955 radens
331 901 356 954 in
372 911 469 956 terram
484 900 579 958 tortior
591 904 688 959 soleret
701 919 840 974 assurgere
855 923 861 959 :
877 907 935 962 etsi
949 921 1001 977 qua

219 989 287 1047 iorte
306 991 356 1044 alia
374 992 544 1064 pretermisi.
567 993 613 1048 llac
636 994 729 1049 iabuho
748 996 846 1051 bellom
865 996 899 1052 ad
919 1012 1003 1067 usque

218 1078 378 1150 Troianum.
399 1082 443 1138 ubi
475 1084 621 1138 secundum
640 1084 735 1141 lihrum
754 1085 857 1142 llarcus
873 1085 957 1142 Varro
969 1086 1003 1141 de

219 1172 309 1243 populi
324 1171 436 1228 bomani
456 1183 535 1244 gente
550 1174 643 1242 linivit,
666 1192 699 1232 ex
721 1177 860 1232 occasione
881 1176 1004 1232 historia·
1030 1232 1031 1235 ,

219 1281 289 1328 rum.
305 1282 364 1337 quae
378 1281 422 1322 res
434 1267 564 1324 ueraciter
577 1276 666 1339 gestas
679 1269 824 1335 continent,
841 1268 875 1324 ita
888 1278 950 1323 sunt
963 1269 1004 1323 in·

218 1357 305 1428 geniis
314 1356 449 1412 ltonhtutm
461 1357 538 1425 hetae,
547 1368 576 1413 ut
584 1375 637 1414 oon
647 1359 700 1413 siut
709 1358 858 1430 opprobriis
867 1359 1004 1414 ttuminum

220 1447 318 1503 alhrae.
336 1446 419 1503 Porro
435 1455 523 1503 autem
535 1450 694 1520 quicumque
708 1449 841 1504 linxerunt
860 1463 874 1502 a
894 1449 960 1504 lonc
972 1448 1004 1503 ad

221 1547 342 1609 stuprum
354 1546 458 1609 raptum
472 1540 678 1610 pulcherrimum
693 1555 803 1611 puerum
814 1539 1006 1612 Ganymedem,

222 1632 295 1704 quod
311 1633 384 1689 nelas
397 1649 443 1691 rex
456 1633 583 1690 Tantalus
595 1633 665 1702 iecit,
680 1644 708 1690 et
725 1633 784 1690 ieri
799 1634 884 1690 sabula
899 1633 1006 1698 trihoit;

223 1724 267 1782 rel
287 1725 388 1780 Danaes
405 1739 453 1794 per
469 1723 580 1780 imbrem
601 1739 709 1779 aureum
730 1724 863 1794 appetisse
883 1722 1009 1779 concubi·

224 1823 292 1879 tum,
317 1814 360 1869 ubi
380 1814 536 1884 intelligitur
558 1813 682 1884 pudicitia
703 1814 822 1870 mulieris
843 1828 909 1869 auro
929 1814 1009 1869 luisse

224 1914 364 1975 corrupta:
386 1920 445 1977 quer
471 1905 523 1959 illis
547 1904 709 1975 temporibus
732 1905 773 1960 uel
792 1904 860 1960 iacta
886 1903 928 1959 vel
948 1903 1009 1958 beta

225 2006 297 2064 tunt,
308 2005 353 2051 aut
365 1997 430 2051 taeta
441 1995 474 2050 ab
487 1995 544 2051 aliis
555 1995 650 2051 ethela
663 1996 696 2051 de
708 1995 783 2059 Jove,
797 1995 848 2051 dici
858 2011 910 2049 non
923 2003 1011 2064 potest

227 2094 354 2157 ιιιιιιιιιιιιι
369 2086 430 2141 mali
444 2084 478 2141 de
498 2086 632 2140 bominum
647 2086 863 2156 praesumpserint
875 2084 1009 2151 cordibus,

226 2176 296 2246 quod
313 2184 420 2246 possent
433 2176 481 2230 ista
495 2179 626 2245 patienter
646 2176 715 2230 lerre
737 2176 882 2240 mendacia,
896 2192 955 2246 quae
970 2186 1011 2231 ta·

227 2283 288 2324 mon
303 2267 383 2322 etiam
399 2267 512 2323 libenter
524 2267 637 2338 amplexi
652 2276 713 2321 snm
727 2285 734 2321 ε
747 2267 791 2336 qni
808 2267 897 2336 utique
912 2276 1011 2336 quanto

228 2357 348 2412 devotius
362 2357 454 2412 liorem
475 2359 576 2424 colunt,
588 2365 661 2411 tanto
674 2372 720 2412 ens
734 2359 778 2428 qui
792 2357 848 2411 lraec
866 2357 899 2412 de
913 2358 958 2412 illo
970 2357 1014 2412 d:-

228 2466 290 2506 cere
302 2451 358 2505 ausi
369 2459 440 2515 suot,
452 2453 568 2505 seuerius
580 2449 672 2520 punire
684 2448 840 2504 debuerunt.
851 2448 926 2504 Nunc
938 2464 1011 2515 vero,

229 2554 282 2595 ιιοιι
297 2540 382 2595 solum
395 2539 433 2594 eis
447 2541 490 2609 qui
503 2540 550 2594 ista
568 2540 708 2600 harerunt,
723 2538 781 2593 irati
802 2553 854 2592 non
869 2549 943 2602 sunt;
965 2536 1012 2592 sed

230 2632 277 2685 ut¹
300 2631 360 2685 talia
381 2629 505 2700 hgmenta
525 2632 603 2684 etiam
625 2630 651 2683 iu
673 2631 781 2684 theatris
801 2638 918 2698 agerent,
943 2630 1013 2700 ipsos

231 2720 297 2778 deos
310 2723 396 2791 potius
411 2723 491 2776 iratos
506 2721 603 2775 babere
619 2721 772 2775 timuerunt.
794 2719 840 2775 llis
855 2720 1014 2789 temporibus

232 2811 331 2870 Latona
346 2812 494 2882 Apollinem
515 2812 625 2882 peperit,
648 2825 701 2865 non
720 2811 793 2865 illum
816 2811 891 2878 cuijus
909 2810 1014 2864 oracula

231 2904 319 2961 solere
341 2903 442 2958 consuli
464 2903 583 2971 superius
603 2901 784 2970 loquebamur,
807 2900 854 2955 seri
876 2899 949 2954 illum
970 2901 1014 2970 qui

233 3009 293 3051 cum
304 2992 418 3049 Hercule
435 2994 542 3047 servivit
561 2992 674 3046 Admeto
688 2990 726 3062 (a)
740 3009 746 3045 :
762 2991 805 3061 qui
820 2998 908 3044 tameo
923 2990 962 3044 sic
975 3000 1017 3044 cst

232 3083 298 3140 deus
316 3083 442 3150 creditus,
463 3094 490 3138 ut
503 3083 605 3154 plorbni
619 3098 649 3137 ac
663 3097 729 3152 pene
742 3096 834 3136 omnes
849 3097 928 3134 ιιιιιιιιι
941 3098 1016 3136 erroru-

234 3174 348 3246 demqne
367 3175 513 3246 Apollinem
528 3175 606 3229 luisse
625 3175 765 3242 opinentur
785 3172 832 3244 (b).
847 3172 919 3227 Tunc
934 3185 960 3227 et
974 3172 1017 3226 Li·

236 3267 286 3324 ber
307 3277 381 3338 pater
400 3264 507 3321 bellavit
532 3264 661 3330 inludia,
687 3263 732 3332 qui
753 3264 850 3317 multas
877 3262 968 3316 babuit
990 3263 1016 3317 in

234 3360 352 3416 exercito
367 3357 489 3424 seminas,
512 3371 570 3426 quae
584 3355 695 3410 Bnccbae
712 3354 852 3425 appellatae
873 3363 943 3418 stunt,
964 3368 1017 3407 non

235 3458 289 3504 tam
302 3449 398 3504 uirtute
413 3448 524 3512 nobiles,
540 3462 617 3516 quiam
638 3445 735 3500 lurore.
755 3444 841 3513 Aliqui
855 3458 919 3498 sane
939 3451 967 3497 et
979 3443 1018 3496 si-

234 3549 306 3595 etum
327 3537 445 3593 scribunt
459 3537 536 3592 istum
558 3535 679 3589 Liberum
698 3543 726 3589 et
743 3534 878 3598 rinctum;
901 3533 1019 3587 nonnulli

236 3640 265 3687 et
280 3631 397 3685 occisam
419 3630 444 3683 in
461 3643 545 3698 pugna
560 3644 574 3679 a
588 3628 697 3692 Perseo,
720 3626 827 3680 necubi
843 3626 922 3679 luerit
936 3625 1021 3694 sepul-

237 3729 280 3776 tus
295 3729 381 3775 tacent
395 3720 431 3791 (c)
444 3738 450 3773 :
462 3728 490 3775 et
510 3730 596 3773 tamen
614 3720 671 3787 eius
689 3718 761 3772 uelut
782 3717 823 3771 dei
846 3718 953 3772 nomine
973 3733 1021 3787 per

237 3811 389 3868 immundos
409 3810 544 3865 dentonen
569 3809 739 3864 [hircitaoalia
761 3820 846 3871 sacra,
873 3807 914 3863 uel
935 3808 1021 3877 potius

239 3902 376 3974 sacrilegia
397 3911 458 3957 sumt
478 3901 594 3957 instituta
609 3899 662 3954 :de
679 3914 790 3969 quorum
813 3897 916 3952 rabiosa
938 3899 1020 3967 turpi·

240 3997 330 4056 tudine
345 4007 406 4068 post
420 4005 472 4052 tam
487 3996 583 4051 multus
594 4007 678 4049 annes
692 3993 731 4047 sic
745 4001 853 4046 senatus
862 3990 977 4055 erubuit,
993 3998 1022 4045 ut

271 4102 834 4230 {illeiihldlibihlfflmmm

272 4257 308 4320 (u)
319 4256 356 4307 sic
364 4255 503 4316 reponimus
511 4267 542 4302 er
553 4253 662 4360 quifflue
669 4247 758 4322 uostris
766 4255 830 4308 lass,
840 4254 867 4299 et
874 4259 905 4296 er
914 4245 1025 4298 omnibus

241 4331 304 4383 quos
313 4314 483 4366 consuluerant
499 4322 539 4363 ιι.
551 4319 599 4362 ben
633 4313 706 4370 ietlni,
718 4323 759 4373 qut
771 4311 888 4359 tamenin
899 4314 969 4378 textu
982 4322 1024 4358 ne·

242 4387 322 4431 terum
334 4379 464 4426 mliuonum
474 4375 603 4424 lectionem
613 4378 777 4431 seruauerant,
794 4383 892 4433 nempe,
903 4366 946 4419 sed
957 4367 1026 4419 tilam

242 4453 313 4498 quem
324 4451 379 4488 curm
391 4436 492 4487 hercule
503 4438 582 4497 [errant
603 4433 694 4484 admeti
709 4432 773 4495 regis
791 4437 899 4481 armentu
918 4429 1025 4493 possae,-

243 4565 281 4614 cio
292 4563 405 4612 censilem
422 4572 538 4621 nttsquam
549 4557 682 4619 adjtrngunt
696 4554 834 4619 mythologi.
848 4560 929 4624 ¹ltaque
942 4554 1025 4611 uerba,

243 4639 299 4675 cunr
310 4621 420 4679 stercuic,
439 4621 464 4669 in
480 4619 603 4680 augustini
618 4625 709 4677 tanente,
725 4629 772 4664 non
789 4621 914 4663 servitutis
931 4626 1028 4663 musor-

245 4687 313 4740 tirno,
325 4683 368 4734 sed
381 4691 534 4745 tempusque
547 4679 605 4729 uixit
613 4676 702 4740 Aprollo,
712 4676 847 4737 designant.
879 4681 907 4721 tt.

276 4747 312 4809 tp)
325 4746 407 4794 t’lures
419 4746 507 4793 eninrs
543 4740 621 4797 lliues,
634 4739 765 4788 secuudum
774 4738 922 4793 clemonem,
933 4733 965 4782 de
976 4740 1026 4783 bat.

245 4809 324 4866 deor,
338 4806 379 4856 lib.
388 4806 412 4863 5,
424 4819 477 4869 cap.
486 4755 551 4857 Asos
561 4800 702 4866 quibusdam
712 4799 871 4847 habebantur.

277 4871 312 4934 (c)
329 4876 374 4918 ttae
393 4869 424 4916 de
439 4881 468 4916 re
479 4867 513 4916 sic
523 4864 605 4914 scribit
621 4862 738 4911 etrsebius
749 4860 772 4906 lo
783 4857 868 4907 chron.
882 4853 1028 4927 :trossebot

250 4945 327 4981 «ιιιιιι
339 4939 426 4978 Perseo
434 4941 515 4991 pugna
526 4935 671 4988 congressus
677 4921 805 4978 occiditur,
818 4922 845 4989 ut
855 4916 1029 4988 scribut-maar-

250 4993 332 5042 «ebus
342 5000 421 5054 poeta,
434 5004 481 5040 amn
492 4989 582 5038 rhetor.
594 4976 1031 5050 Qtriautemroluertt,bcete1adbuc

252 5061 385 5115 «spectare
408 5052 487 5100 bacchi
514 5046 651 5112 sepulcrum
684 5043 797 5113 Delphis,
822 5045 893 5150 bum
971 5098 977 5107 .

252 5113 414 5174 «apollinem.
427 5129 438 5157 s
454 5110 569 5161 hiscimus
585 5121 617 5157 er
632 5103 734 5177 cgrrillo,¹
747 5102 790 5152 bb.
808 5102 818 5149 1
837 5106 920 5172 timot.
932 5097 1028 5156 luban,

250 5175 390 5226 binarelnun
402 5173 469 5222 illurn
492 5179 596 5234 poetam
610 5168 643 5218 de
654 5181 702 5230 quo
711 5167 751 5216 luc
759 5162 881 5219 emelinus,
898 5172 939 5210 res
951 5164 1031 5231 abac·

249 5238 296 5288 cbo
307 5244 388 5296 gestas
396 5230 715 5292 carrrrtnibusdeseripsisse.
727 5223 839 5275 demens
849 5220 1031 5279 Alexandrinus,

251 5298 312 5349 bnt
325 5303 443 5350 seruarat..
455 5308 506 5356 cap.
521 5294 559 5351 11,
571 5291 651 5349 tradit,
670 5287 784 5339 eaochum
795 5286 820 5335 iu
830 5296 863 5347 pu
878 5343 891 5355 ..
923 5288 1032 5330 at’erseo

252 5361 356 5410 occisum
365 5362 483 5417 regnante
499 5357 523 5405 in
540 5352 674 5402 macedonia
685 5359 774 5399 hersen
789 5358 851 5409 rege
875 5354 1032 5417 usaonume·

250 5430 329 5474 ratum
341 5431 404 5469 esse.
417 5416 498 5464 morht
510 5417 599 5464 obitum
621 5409 781 5462 diversimode
804 5412 885 5478 narrat
906 5404 970 5477 idem
981 5401 1033 5451 cle·

251 5496 330 5544 rueras,
346 5492 397 5543 etp.
410 5477 425 5527 2
437 5479 539 5540 raedag,
562 5473 629 5525 illum
651 5484 740 5534 nonme
755 5469 902 5520 atimnrbus
920 5466 1034 5515 dilacera-

252 5552 318 5604 tum,
335 5540 459 5593 lebetibus
467 5537 567 5597 elixum,
587 5536 741 5596 semitasque
751 5531 801 5595 igni
819 5529 920 5579 admotis
929 5525 1032 5636 caepisse

252 5603 420 5658 remanebas
430 5599 767 5662 rero,iubentetoue,coret
777 5589 885 5662 membra
894 5587 967 5638 hanah
987 5597 1033 5636 er·

253 5669 324 5722 tersit
333 5679 348 5716 e
358 5663 470 5715 manibus
483 5659 631 5715 camillam,
642 5663 775 5718 posteaqm
786 5649 886 5724 apollani
896 5647 1032 5700 namatus

253 5727 537 5785 cousummasset>
550 5711 903 5785 uebhuprormorepeluet.

930 5049 1030 5086 3111011111

716 241 760 300 bu
774 243 932 303 cluntre
950 245 1019 316 bet,
1030 246 1267 307 .s..tttt;tist'tm

1050 363 1078 419 in
1097 363 1163 420 urbe
1184 364 1269 420 homa
1286 379 1348 422 esse
1361 365 1514 436 prohiberet
1530 364 1580 440 io).
1595 366 1646 423 Per
1667 381 1698 423 ea
1716 376 1835 438 tempora

1050 454 1163 511 Perseus
1185 466 1213 512 et
1233 473 1299 512 uxor
1318 458 1375 527 ejus
1395 459 1561 514 Andromeda
1587 466 1756 530 posteaquam
1776 469 1838 515 sont

1049 545 1159 609 mortui,
1175 546 1213 601 sic
1226 562 1272 601 eos
1288 550 1312 601 in
1333 549 1428 604 eoelum
1443 559 1564 617 receptos
1582 564 1641 603 esse
1654 549 1835 616 crediderunt,

1051 647 1080 694 ut
1092 638 1219 710 imagines
1229 656 1321 695 eorum
1331 642 1415 696 stollis
1424 641 1573 712 designare,
1584 656 1730 712 eorumque
1742 643 1836 712 appol-

1051 727 1106 785 lare
1120 730 1272 784 nominibus
1283 746 1335 786 ιιοιι
1349 731 1547 794 erubescerent,
1563 746 1615 786 non
1631 733 1757 786 timerent
1766 733 1787 784 ¹.

1166 818 1278 876 CAPUT
1297 820 1366 876 Xlll.
1377 851 1412 862 -
1425 821 1464 877 De
1476 821 1620 892 theologicis
1632 823 1722 893 poetis.

1088 908 1139 964 Per
1158 909 1228 965 idem
1244 911 1370 982 temporis
1383 911 1547 966 intervallum
1566 913 1724 967 exstiterunt
1742 922 1838 981 poetae,

1053 1001 1098 1071 qui
1113 1001 1321 1072 etiamtbeologi
1341 1001 1501 1066 dicerentur,
1524 1002 1648 1072 quoniam
1670 1001 1704 1056 de
1715 1001 1767 1056 diis
1779 1016 1840 1056 car·

1054 1091 1124 1145 mina
1138 1089 1287 1146 iaciebant:
1301 1089 1348 1146 sed
1362 1091 1457 1146 talibus
1470 1092 1530 1157 diis,
1552 1091 1596 1163 qui
1610 1091 1672 1146 lieet
1686 1091 1774 1162 magui
1794 1089 1843 1145 bo·

1054 1181 1150 1247 traines,
1177 1189 1265 1236 tamen
1288 1179 1544 1248 bomineshrerunt;
1570 1190 1616 1236 aut
1637 1180 1728 1236 ιιιιιιιιιι
1751 1181 1842 1249 lustjus,

1055 1285 1133 1340 quem
1143 1285 1224 1325 verus
1235 1271 1303 1326 betis
1317 1270 1388 1336 lecit,
1404 1272 1535 1326 elementa
1549 1281 1628 1336 sunt;
1642 1280 1688 1325 aot
1704 1271 1729 1324 in
1742 1270 1849 1341 princi··

1057 1361 1160 1432 petibus
1186 1369 1214 1416 et
1238 1362 1413 1431 potestatibus
1434 1377 1484 1432 pro
1507 1363 1642 1418 uoluntate
1663 1360 1798 1417 Creatoris
1817 1370 1845 1416 et

1056 1453 1113 1509 saris
1131 1453 1254 1508 meritis·
1270 1453 1405 1508 ordinati:
1420 1465 1447 1508 et
1463 1453 1485 1507 si
1504 1452 1566 1522 qnid
1586 1453 1620 1508 de
1639 1468 1692 1507 uno
1705 1467 1769 1508 nero
1789 1453 1854 1507 beo.

1057 1546 1126 1599 inter
1145 1544 1227 1598 multa
1244 1558 1310 1597 uana
1332 1551 1359 1598 et
1381 1542 1446 1598 laisa
1464 1542 1626 1605 cecinerunt,
1648 1542 1762 1597 colendo
1784 1557 1845 1596 eum

1058 1634 1104 1690 illo
1115 1633 1182 1690 alios
1200 1635 1243 1704 qui
1258 1633 1294 1688 dii
1308 1649 1360 1688 nnn
1378 1643 1449 1700 sunt,
1465 1633 1556 1703 eisque
1574 1632 1724 1688 exhibendo
1737 1631 1848 1686 latrrula·

1059 1734 1114 1778 tum
1127 1723 1172 1794 qni
1186 1727 1231 1779 uni
1249 1734 1348 1778 tantum
1369 1723 1481 1779 debehtr
1495 1724 1558 1790 beo,
1582 1739 1634 1777 non
1648 1723 1671 1778 ei
1692 1723 1784 1793 utique
1796 1723 1856 1776 rite*

1059 1815 1219 1882 servierunt,
1235 1831 1284 1871 nec
1302 1831 1317 1869 a
1331 1815 1451 1870 labuloso
1469 1814 1579 1870 deorum
1594 1830 1701 1869 suorum
1716 1813 1848 1868 dedecore

1060 1909 1139 1963 etiam
1153 1908 1202 1980 ipsi
1216 1922 1245 1964 se
1257 1908 1391 1963 abstinere
1406 1906 1563 1976 potuerunt·
1579 1905 1708 1972 Orpheos,
1721 1905 1847 1968 llumurs,

1060 1997 1151 2052 Linus.
1166 1997 1263 2052 Verum
1279 1998 1321 2053 isti
1344 1997 1459 2066 theologi
1478 1996 1543 2050 deos
1561 1996 1711 2060 coluerunt,
1727 2009 1780 2048 non
1798 2008 1859 2063 pro

1061 2087 1112 2143 diis
1134 2088 1197 2143 culti
1221 2097 1281 2143 sunt
1294 2105 1301 2142 :
1316 2086 1438 2157 quamvis
1457 2084 1591 2156 Orpheum
1605 2083 1695 2140 nescio
1714 2083 1856 2153 quomodo

1062 2178 1173 2234 inlernis
1191 2179 1334 2246 saeris,uel
1350 2179 1436 2248 potius
1448 2176 1602 2247 sacrilegiis,
1615 2175 1751 2246 probrare
1766 2174 1850 2228 soleat

1062 2269 1154 2325 ciuitas
1166 2269 1317 2340 impiorum.
1331 2268 1401 2325 Uror
1411 2278 1499 2323 autern
1513 2266 1582 2335 regis
1593 2261 1850 2332 Athamantis⁸quae

1062 2363 1205 2417 vocabatur
1227 2361 1284 2426 lno,
1309 2370 1336 2416 et
1358 2360 1416 2430 ejus
1438 2358 1507 2413 dlios
1530 2356 1678 2413 llelicertes
1703 2354 1859 2427 praecipitio·-

1063 2463 1209 2524 sponmneo
1227 2452 1252 2507 in
1277 2452 1343 2506 rnari
1359 2451 1503 2520 perierunt,
1524 2456 1551 2504 et
1571 2447 1696 2518 opinione
1711 2445 1850 2500 hominum

1064 2546 1091 2599 io
1103 2544 1168 2599 deos
1181 2543 1255 2599 relati
1267 2551 1329 2598 sunt
1341 2560 1348 2597 ι
1362 2542 1429 2597 sicut
1443 2540 1487 2596 alii
1502 2541 1622 2596 homines
1634 2554 1726 2594 eorum
1746 2545 1850 2608 tempo

1065 2652 1123 2691 rum
1137 2636 1159 2704 ⁸,
1180 2635 1274 2691 Castor
1288 2642 1314 2690 et
1332 2634 1435 2690 Pollux.
1454 2631 1529 2687 illam
1551 2646 1615 2688 sane
1636 2630 1779 2686 llelicertis
1792 2644 1856 2683 ma·

1066 2737 1133 2782 trem
1156 2726 1332 2783 Leucotheam
1357 2723 1453 2791 Graeci,
1475 2722 1598 2777 llatutam
1625 2720 1712 2777 Latini
1737 2734 1857 2776 nocare-

1066 2827 1128 2873 runt
1142 2835 1149 2872 :
1164 2816 1269 2895 utrique
1284 2825 1370 2871 tamen
1384 2821 1505 2885 putantes
1515 2813 1603 2868 deam.

1067 2991 1180 3048 CAPUT
1195 2990 1252 3045 XV.
1265 2987 1349 3044 -De
1362 3003 1452 3043 occurat
1464 2985 1536 3058 regni
1547 2983 1705 3056 Argiuorum,
1720 2998 1770 3052 qao
1788 2991 1855 3035 tem·

1104 3101 1163 3149 pore
1176 3083 1244 3152 optrd
1255 3080 1390 3134 Laurentes
1404 3076 1480 3132 Picus
1494 3074 1600 3131 Saturni
1614 3073 1681 3143 filius
1693 3087 1798 3143 regnum
1810 3085 1855 3140 po·

1106 3173 1148 3226 tris
1160 3172 1256 3240 priores
1269 3169 1373 3240 occepit.

1105 3324 1205 3379 Perea
1227 3333 1344 3391 tempora
1365 3333 1474 3390 regnum
1498 3315 1600 3371 baritum
1621 3324 1663 3369 est
1681 3311 1854 3382 Argivorum,

1071 3416 1226 3469 translatum
1246 3412 1279 3467 ad
1298 3411 1434 3482 llycenas,
1456 3407 1526 3463 unde
1543 3406 1592 3462 hrit
1611 3406 1793 3474 Agamemnon
1809 3411 1857 3455 :et

1071 3515 1192 3561 exortum
1214 3512 1255 3559 est
1269 3518 1378 3574 regnum
1391 3501 1570 3564 Laurentum,
1605 3495 1648 3549 ubi
1665 3493 1771 3549 Saturni
1785 3491 1856 3545 lilius

1071 3596 1149 3652 Picus
1169 3609 1279 3665 regnum
1298 3593 1400 3662 primos
1423 3590 1534 3659 accepit,
1555 3586 1691 3658 judicante
1710 3582 1780 3653 apud
1801 3582 1856 3637 lle·

1071 3686 1157 3742 broos
1166 3682 1264 3738 lamina
1280 3682 1400 3738 behbora
1414 3698 1421 3733 ε
1435 3679 1481 3734 sed
1495 3693 1543 3748 per
1557 3677 1627 3731 iliam
1641 3675 1688 3730 bei
1701 3673 1817 3744 Spiritus
1829 3669 1856 3727 id

1072 3777 1165 3848 agebat
1179 3794 1185 3830 :
1200 3791 1259 3830 nam
1272 3775 1351 3830 etiam
1365 3770 1529 3843 prophetissa
1548 3781 1615 3832 erat,
1629 3768 1705 3834 cujus
1718 3765 1856 3835 prophetia
1876 3814 1880 3820 .

1073 3866 1204 3941 (lodicum
1214 3863 1240 3936 ιι)
1255 3865 1342 3919 minus
1354 3870 1444 3932 aperta
1456 3869 1507 3932 est,
1521 3873 1599 3929 quam
1614 3865 1641 3910 ut
1650 3855 1784 3925 possimus
1797 3867 1857 3907 eaor

1073 3960 1131 4015 sine
1153 3957 1276 4012 diuturna
1299 3952 1464 4023 expositione
1491 3948 1526 4004 de
1547 3947 1653 4002 Christo
1674 3943 1860 3999 demonstrare

1073 4048 1214 4120 prolatam.
1228 4046 1286 4101 lam
1308 4058 1371 4114 ergo
1390 4040 1537 4111 regnabant
1553 4036 1702 4092 Laurentes
1720 4033 1812 4103 utique
1832 4031 1858 4085 io

1074 4141 1158 4207 italia,
1179 4155 1211 4195 er
1234 4139 1329 4209 quibus
1348 4132 1496 4190 euidentior
1517 4130 1623 4185 ducitur
1645 4127 1720 4196 origo
1741 4124 1861 4178 Rornana

1074 4241 1136 4304 post
1153 4230 1259 4289 Grecos
1272 4246 1279 4283 :
1292 4236 1319 4283 et
1343 4235 1431 4280 mosen
1450 4222 1537 4277 adbuc
1556 4232 1668 4288 regnum
1689 4214 1861 4285 Assyriorum

1076 4317 1313 4394 permarcescunt
1326 4324 1383 4372 erat
1393 4329 1440 4369 rex
1449 4312 1591 4368 vicesimus
1603 4305 1696 4362 tertius
1705 4304 1861 4372 Laumares,

1076 4427 1138 4468 curn
1154 4411 1254 4480 primus
1269 4406 1428 4462 Laurentum
1444 4402 1521 4457 Picus
1535 4413 1595 4455 esse
1607 4397 1741 4468 coepisset.
1756 4394 1797 4450 lle
1810 4392 1862 4446 bu·

243 4514 349 4553 ⁰“⁰¹¹⁰⁰
361 4505 439 4553 ceste·
450 4497 569 4560 ⁵³q¹¹id⁰¹¹¹
579 4496 706 4544 nemmem
722 4493 853 4555 ⁵¹¹⁰¹¹¹¹s¹i¹¹
864 4493 965 4555 {mmsis
974 4491 1025 4541 ⁰ffi·
1075 4503 1119 4573 jus
1132 4500 1186 4558 Pici
1210 4506 1285 4569 patre
1304 4496 1418 4552 Saturno
1430 4490 1543 4546 uiderint
1555 4487 1617 4558 quid
1640 4487 1756 4541 sentiant
1770 4482 1863 4537 talium

1077 4592 1186 4649 deorum
1198 4590 1324 4653 cultores,
1339 4586 1384 4657 qui
1396 4591 1492 4654 negant
1504 4580 1637 4636 bominem
1652 4576 1732 4630 luisse
1743 4591 1750 4627 ι
1761 4574 1795 4629 de
1811 4585 1865 4643 quo

1079 4685 1162 4741 etalii
1175 4684 1350 4753 scripserunt,
1363 4676 1435 4749 quod
1451 4683 1514 4729 ante
1530 4672 1621 4727 Picum
1642 4668 1726 4723 illium
1744 4665 1864 4719 suumin

1111 4858 1214 4970 ’.ιιι
1223 4845 1852 4966 18’.ἰιιιιιιι“ιιιι“ιιιιιι

1080 4936 1164 5075 pu⁸s⁸n
1208 4926 1279 4978 mm
1486 4944 1543 5080 edd
1554 5027 1644 5077 addunt
1665 4936 1722 5075 es
1744 5034 1870 5073 mmanu-

1080 5050 1154 5196 ruterop
1156 5038 1464 5211 Faerplgilighet'r'totim
1466 5045 1617 5142 'nrm'habent
1627 5036 1744 5138 uetere?
1741 5084 1807 5134 libri.

1084 5169 1304 5336 uggssfflffu's'
1317 5162 1870 5278 howimannmoa,

1126 5391 1151 5454 ιι)
1164 5398 1210 5440 tras
1226 5396 1265 5461 tur
1280 5385 1386 5456 itudlues
1393 5394 1442 5433 nou
1452 5382 1477 5431 in
1486 5387 1557 5452 horna
1575 5382 1676 5431 tantum,
1688 5371 1732 5460 sod
1744 5376 1819 5421 totam
1828 5380 1868 5431 pe

1083 5389 1172 5502 rubram
1183 5402 1312 5514 proluhitas
1322 5445 1394 5496 tradit
1400 5445 1478 5493 tintus
1488 5477 1495 5505 ,
1507 5440 1551 5490 bb.
1562 5437 1601 5497 ae,
1614 5449 1667 5499 cap.
1681 5434 1727 5496 ts,
1738 5431 1806 5481 unde
1816 5437 1875 5478 Ter·

998 5539 1002 5547 ·
1085 5513 1198 5564 tullianus
1214 5515 1239 5562 br
1255 5506 1417 5572 apologetioo,
1429 5517 1483 5566 esp.
1505 5501 1536 5551 6:
1552 5499 1685 5549 ‹tibet-um
1704 5503 1800 5558 patrem
1818 5501 1875 5541 esta

1088 5574 1233 5627 ‹materiis
1248 5573 1300 5623 suis
1321 5567 1434 5618 consules
1448 5569 1549 5616 serratas
1570 5560 1714 5612 auctoritate
1731 5566 1784 5628 porr
1804 5549 1877 5601 mmo

1089 5644 1144 5690 «ur
1186 5632 1376 5697 ,selunirersa
1394 5627 1460 5681 ttaba
1481 5620 1698 5677 elunimrerunt.»
1712 5612 1772 5667 uide
1793 5622 1881 5677 aarum

1087 5699 1163 5766 aba,
1174 5711 1227 5764 etp.
1238 5695 1299 5761 hu.
1313 5693 1335 5746 l.
