3900 6390
241 399 278 454 de
289 397 337 451 bac
351 409 382 451 re
399 393 456 448 sola
482 404 564 447 unum
578 386 684 457 scripsit
696 385 803 446 librum,
827 383 903 454 cujus
921 380 1024 437 titulum

244 486 408 551 essesoiuit,
421 484 458 539 iic
470 482 520 538 deo
531 479 648 536 Socratis
661 494 667 529 :
682 476 725 530 ubi
740 475 845 532 disserit
863 482 891 531 et
909 473 1026 542 exponit,

244 591 343 647 exque
362 589 459 646 genere
482 571 618 628 numinum
641 568 764 624 Socrates
777 567 786 598 ¹
798 564 912 619 babebat
933 556 1046 632 adjun·‘

245 680 318 726 etum
330 676 359 724 ιι
380 665 493 720 ιιιιιιιιιι
514 661 628 733 quadam
653 659 832 722 conciliatum,
847 671 862 710 a
877 670 929 726 quo
940 652 1029 724 periri-

245 759 324 815 betur
348 756 439 812 solitus
464 752 624 817 admoneri,
652 758 681 804 ιιι
701 748 841 804 desisteret
856 746 890 801 ab
910 743 1029 816 agendo,

246 847 352 921 quando
364 846 390 901 id
399 843 469 917 quod
489 857 567 914 agere
591 840 706 902 uolebat,
723 853 775 893 uon
798 851 924 908 prospere
946 833 1032 889 iuerat

248 948 416 996 eventurum.
433 932 579 990 biciteuim
591 929 766 1000 apertissime,
789 937 817 984 et
845 925 1027 996 copiosissime

247 1028 353 1094 usserit,
369 1040 422 1080 aou
434 1025 507 1079 illum
534 1023 617 1078 Deum
630 1020 721 1087 luisse,
742 1018 789 1074 sed
801 1016 959 1080 demonem,
969 1015 1031 1070 dili-

248 1116 322 1190 genti
342 1113 517 1186 disputatione
532 1120 696 1181 pertractans
710 1109 786 1162 istam
798 1107 915 1162 Platonis
928 1105 962 1162 de
974 1104 1034 1161 deo

249 1223 309 1265 rum
319 1205 482 1262 sublimitate
496 1213 523 1258 et
536 1201 674 1257 bominum
685 1199 834 1255 bumilitate
841 1205 868 1254 ιι
881 1197 1032 1252 demonum

251 1297 394 1355 medietate
421 1292 588 1351 sententiam.
603 1290 666 1346 linc
686 1305 750 1360 ergo
767 1289 791 1343 si
812 1288 848 1342 ita
874 1294 946 1354 sunt,
969 1301 1035 1356 quo-

251 1404 313 1445 nam
329 1386 408 1442 modo
419 1400 500 1440 ausus
517 1394 558 1440 est
572 1382 657 1447 Plato,
671 1381 773 1436 etiamsi
787 1395 839 1434 uun
851 1379 911 1442 diis,
924 1391 990 1449 quos
1001 1377 1035 1432 ab

252 1476 326 1534 omni
336 1475 451 1532 bumana
465 1472 621 1543 contagione
635 1471 759 1531 semovit,
771 1478 844 1524 certe
857 1468 921 1536 ipsis
934 1467 1034 1522 danto-

254 1569 345 1637 nibus,
357 1576 448 1640 poetas
458 1565 523 1621 urbe
541 1562 673 1635 pellendo,
692 1561 794 1616 auferre
809 1560 948 1614 theatricas
963 1558 1037 1612 rolu-

254 1670 350 1733 ptatcs,
367 1659 418 1714 nisi
431 1657 491 1728 quia
511 1656 561 1710 boc
575 1662 653 1723 pacto
667 1651 802 1707 admonuit
814 1651 931 1704 antimum
943 1649 1036 1704 buma-

254 1766 330 1817 num,
344 1749 465 1822 quamuis
478 1746 564 1803 adlauc
576 1747 603 1801 in
613 1745 654 1800 bis
669 1742 834 1798 moribundis
848 1740 975 1795 membris
990 1753 1037 1808 po·

255 1844 347 1912 situm,
361 1857 409 1914 pro
427 1839 569 1913 splendore
592 1836 738 1893 honestatis
760 1835 861 1902 impura
887 1832 1036 1887 daemonum

253 1938 327 2009 iussa
340 1943 671 2000 contemnere‚eorumque
680 1924 876 1981 immunditiam
887 1922 1014 1979 detestari
1025 1920 1037 1974 i

255 2042 317 2084 nam
330 2027 353 2082 si
364 2024 440 2080 Plato
451 2021 509 2079 baec
530 2018 717 2077 honestissime
730 2016 817 2085 arguit
842 2022 870 2069 et
892 2011 1036 2082 probibuit,

255 2116 376 2191 proiecto
401 2114 535 2170 demones
570 2108 721 2179 turpissime
746 2110 923 2175 poposcerunt
961 2108 1040 2170 atque

254 2208 462 2282 iusserunt.but
479 2218 544 2274 ergo
558 2201 656 2257 iaiiitur
679 2197 816 2269 Apuleius,
830 2204 857 2249 et
875 2209 929 2248 uon
943 2207 976 2247 es
990 2191 1040 2245 isto

256 2317 354 2376 genere
375 2298 511 2355 numinum
527 2293 617 2351 babuit
636 2291 749 2346 amicum
764 2288 887 2343 Socrates
903 2300 910 2349 ;
925 2293 970 2337 aut
981 2297 1041 2337 con·

257 2395 339 2455 traria
349 2393 417 2448 iuter
429 2387 548 2446 sesentit
559 2385 644 2451 l‘iato,
667 2382 746 2438 modo
762 2380 896 2435 daemones
907 2377 1041 2431 honoran-

258 2485 304 2552 do,
318 2481 397 2538 modo
409 2493 500 2536 eorum
514 2476 621 2532 delicias
634 2489 649 2527 a
671 2475 776 2528 civitate
798 2470 865 2523 irene
878 2476 980 2522 morata
996 2480 1041 2520 re·

260 2572 409 2636 morendo;
424 2576 530 2626 autnon
545 2576 586 2621 est
604 2564 703 2620 Socrati
719 2561 832 2616 amicitia
844 2557 1042 2627 dromonisgra-

260 2663 377 2726 tutanda,
388 2661 423 2716 de
434 2673 485 2729 qua
501 2672 583 2726 usque
602 2655 667 2709 adeo
680 2662 707 2708 et
720 2653 776 2722 ipse
790 2649 915 2719 Apuleius
927 2646 1042 2711 erubuit,

261 2765 291 2809 ut
308 2755 345 2808 be
357 2751 408 2806 deo
419 2747 535 2804 Socratis
551 2752 710 2815 praeuocuet
723 2743 830 2805 librum,
854 2754 931 2808 quem
946 2753 1039 2793 sccun-

261 2843 325 2899 dum
335 2855 409 2897 suam
418 2836 632 2909 disputationem,
644 2848 695 2902 qua
714 2831 779 2886 deos
788 2845 803 2884 a
813 2829 976 2883 dacnionibus
990 2836 1043 2882 tatu

262 2935 401 3006 diiigenter
413 2933 571 3000 copiosoque
579 2924 775 2989 discernit,non
786 2922 918 2991 appellare
928 2920 965 2974 be
981 2917 1042 2983 deo,

262 3026 309 3083 sed
322 3025 360 3081 De
373 3023 493 3078 damone
509 3018 625 3075 Socratis
638 3016 737 3071 debuit.
753 3012 841 3069 llaiuit
856 3021 943 3068 autem
955 3010 1006 3066 boc
1019 3011 1044 3065 in

263 3116 319 3187 ipsa
331 3111 519 3184 disputatione,
546 3122 623 3179 quam
642 3107 669 3160 in
690 3105 767 3159 titulo
791 3104 850 3158 iibri
878 3117 985 3172 ponere.
1007 3100 1046 3155 lta

262 3208 333 3262 enim
346 3219 393 3276 per
407 3216 498 3259 sanam
513 3199 671 3261 doctrinam,
686 3212 745 3264 qum
757 3194 878 3249 bumanis
890 3192 969 3247 rebus
987 3192 1046 3246 iiiu-

239 3330 241 3335 ·
262 3297 312 3364 xit,
322 3310 416 3353 omnes
431 3292 475 3349 rei
491 3303 661 3362 peneomnes
674 3285 823 3342 daemonum
839 3297 934 3339 nomen
951 3280 1048 3337 enitor-

263 3398 334 3452 rent,
350 3395 379 3443 ιιι
400 3385 517 3456 quisquis
542 3391 602 3436 ante
626 3378 831 3448 disputationem
857 3374 971 3445 Apuleii,
996 3388 1048 3443 qua

264 3478 415 3535 daemonnm
436 3473 548 3543 dignitas
567 3468 774 3532 commendatur,
799 3467 901 3521 titulum
927 3465 997 3528 libri,
1010 3464 1049 3519 be

264 3567 385 3625 daemone
395 3563 511 3620 Socratis
521 3562 630 3631 legeret,
643 3573 809 3628 nequaquam
827 3556 899 3610 ilium
911 3555 1048 3609 bominem

266 3671 359 3713 sanum
374 3652 580 3710 inissesentiret.
588 3648 656 3718 Quid
667 3658 754 3703 autem
763 3648 841 3702 etiam
849 3646 903 3716 ipse
912 3644 1048 3714 Apuleius,

267 3747 337 3819 quod
348 3747 374 3802 in
388 3744 552 3800 ‹lemonibus
571 3740 700 3804 laudaret,
712 3739 822 3802 inuenit,
835 3745 932 3806 practer
943 3735 1048 3791 subtili-

266 3850 348 3896 tatem
361 3848 389 3895 et
400 3837 550 3892 firmitatem
572 3846 724 3903 corporum,
746 3839 773 3886 et
797 3829 963 3885 habitationis
974 3826 1050 3882 aitio-

266 3946 323 3987 rem
333 3928 437 3985 ιοιιιιιιι
448 3941 508 3983 nam
521 3926 554 3980 de
563 3923 681 3981 moribus
693 3937 796 3987 eorum,
811 3935 870 3977 cum
881 3920 914 3976 de
928 3919 1051 3976 ominibus

267 4020 425 4092 gericraiiter
448 4019 610 4088 loqueretur,
637 4029 689 4069 non
710 4012 796 4068 solum
820 4010 886 4066 nibii
899 4011 960 4066 boni
974 4009 1049 4071 dixit.

267 4112 407 4169 sedetiam
433 4108 574 4180 plurimum
598 4105 670 4160 maii.
696 4104 812 4173 benique
839 4104 907 4158 lecto
926 4101 1051 4159 iilolibro

268 4215 379 4274 prorsus
389 4215 468 4255 nemo
478 4198 588 4253 miratur
599 4210 645 4251 eos
655 4194 732 4250 etiarn
758 4192 888 4247 scenionn
909 4190 1050 4260 turpitudi-

269 4308 330 4349 nem
344 4292 370 4346 io
387 4290 467 4345 robus
479 4288 574 4344 diuinis
585 4285 681 4341 habero
691 4284 815 4348 relisisse,
826 4292 862 4348 et,
875 4296 934 4336 cum
943 4282 1008 4337 dens
1022 4296 1051 4336 se

270 4383 355 4454 putari
367 4381 460 4447 uelint,
472 4380 581 4434 deornm
603 4375 758 4432 criminibus
781 4373 908 4428 oblectari
923 4373 1050 4440 potuisse,

269 4483 296 4532 ot
308 4471 433 4544 quidquid
448 4471 474 4526 ιιι
489 4485 580 4525 ιοιιιιιι
593 4469 677 4524 sacris
694 4467 808 4521 obscena
821 4464 988 4519 solemnitate
1002 4479 1050 4519 scu

270 4566 342 4636 turpi
367 4563 523 4620 crudelitate
543 4562 583 4616 vei
604 4560 723 4624 ridetur,
746 4558 787 4612 ιιι
811 4557 942 4623 borretur,
961 4571 1052 4612 eorum

271 4655 408 4712 allectibus
421 4652 573 4708 conuenire.

269 4745 384 4804 curba
402 4744 460 4800 XV.
475 4772 511 4785 -
528 4741 602 4809 Quod
622 4754 700 4809 neque
721 4745 823 4807 propter
842 4738 911 4791 ceria
928 4752 1051 4806 corporo,

305 4851 386 4906 usque
398 4843 499 4907 propter
512 4831 642 4903 superiora
660 4828 802 4882 habitaculo
823 4826 948 4882 dromones
968 4826 1052 4880 laomi-

306 4927 379 4982 nibus
390 4923 550 4980 antecellunt.

307 5019 334 5072 i.
354 5016 530 5086 Quamobrem
555 5012 624 5068 absit
642 5020 671 5066 ut
691 5010 739 5064 ista
759 5006 930 5064 considerans
950 5007 1054 5063 animus

271 5108 401 5163 ueraciter
413 5107 552 5177 religiosus
572 5112 599 5159 et
613 5117 676 5158 vero
690 5102 743 5155 lico
758 5098 888 5163 subditus,
907 5097 967 5152 ideo
979 5097 1052 5151 arbi-

271 5208 356 5254 tretur
369 5197 503 5254 daemoues
515 5212 544 5252 se
557 5195 615 5266 ipso
630 5208 690 5248 esse
704 5192 837 5255 meliores,
855 5188 925 5259 quod
940 5187 1055 5244 babeant

272 5303 385 5360 corpora
401 5288 512 5344 meliora
532 5286 580 5374 (ιι.
602 5285 727 5354 Alioquin
740 5283 835 5337 minitas
849 5281 899 5336 sibi
915 5290 941 5334 et
956 5280 1055 5336 bestias

304 5425 313 5455 ¹
330 5419 397 5479 editi,
409 5432 441 5471 ex
452 5432 498 5484 quo
508 5432 593 5482 genere
601 5417 818 5469 uunuuumnunuu
825 5412 871 5464 sibi
881 5417 996 5464 socrates.
1008 5413 1055 5463 Ab·

275 5490 418 5544 mannua
428 5481 570 5541 uitiatus.
893 5537 898 5547 ι

303 5547 339 5609 (ιι)
350 5551 451 5607 corpora
461 5543 609 5592 daemonibus
619 5539 728 5591 oooeedit
744 5539 870 5599 origenes,
882 5534 927 5584 bb.
938 5533 1055 5584 breriar-

272 5605 343 5665 dsou,
362 5619 415 5668 ιιι).
427 5604 457 5664 8;
468 5601 636 5658 Tertullianus,
656 5600 697 5651 lib.
717 5601 748 5650 de
769 5607 844 5647 tarne
861 5594 1055 5666 renouaturque

272 5675 384 5720 rotarum
395 5666 497 5733 piures:
511 5677 556 5714 nee
564 5663 671 5725 denegat
686 5663 726 5712 bie
737 5660 889 5724 augustiuus,
901 5672 942 5722 qur
954 5657 1054 5709 eostietu

771 264 1076 334 bucillinum,
1096 265 1125 321 S.
1145 262 1323 322 ububsuiitt

1081 378 1239 446 praelaturus
1261 388 1312 444 est,
1335 391 1393 448 quae
1414 392 1463 433 nos
1481 386 1508 435 et
1528 379 1672 435 acrimonia
1686 394 1824 450 sensuum,
1840 395 1868 440 et

1080 479 1152 523 motu
1174 469 1299 524 iuciiiimo
1319 478 1398 540 utque
1418 471 1568 537 celerrimo,
1582 479 1610 527 et
1630 472 1745 528 ualentia
1758 473 1866 540 ririurn,

1081 573 1108 618 et
1121 562 1297 617 annosissima
1308 562 1432 618 firmitate
1446 578 1587 633 corporum
1601 563 1720 619 vincunt.
1736 565 1802 633 Quis
1816 565 1867 619 bb·

1082 657 1181 709 minum
1197 654 1311 709 ridendo
1325 657 1472 725 aequabitur
1483 656 1578 725 aquilis
1591 666 1619 711 ιι
1630 656 1796 712 vulturibus?
1808 659 1869 727 quis

1082 745 1219 802 odorando
1239 745 1363 799 canibus?
1378 747 1437 814 quis
1458 747 1597 802 uelocitate
1612 747 1757 817 leporibus,
1771 750 1866 813 cervis,

1083 836 1177 891 aribus
1198 835 1342 889 erunibus?
1355 837 1414 905 quis
1434 838 1545 890 muitum
1564 837 1676 891 uaiendo
1697 837 1821 893 leonibus
1841 848 1869 894 et

1083 928 1251 999 eiepbantisi
1270 929 1329 999 quis
1347 929 1392 984 diu
1407 930 1518 985 virendo
1531 930 1711 999 serpentibus,
1730 931 1774 1001 qui
1788 930 1868 986 ctiam

1084 1018 1205 1090 deposita
1218 1020 1304 1075 tunica
1315 1029 1478 1075 senectutem
1487 1020 1632 1089 deponere,
1644 1031 1723 1091 atque
1733 1022 1760 1075 in
1770 1020 1869 1092 junen-

1085 1121 1139 1167 tam
1153 1112 1240 1167 redire
1255 1112 1442 1182 perhibentur?
1454 1113 1507 1169 Sed
1520 1115 1588 1168 sicut
1601 1114 1643 1168 bis
1656 1115 1780 1170 omatibus
1793 1114 1872 1169 ratic

1084 1202 1197 1257 cinando
1217 1211 1243 1259 et
1265 1204 1436 1274 intelligendo
1457 1205 1583 1260 meliores
1601 1219 1703 1272 sumus,
1729 1205 1766 1260 ιιι
1789 1204 1871 1264 etum

1086 1293 1249 1350 damonibus
1261 1295 1330 1351 bene
1341 1306 1420 1366 atque
1432 1296 1542 1352 boneste
1553 1296 1665 1352 uiuendo
1675 1297 1800 1352 meliores
1809 1310 1871 1352 esso

1086 1383 1225 1439 debemus.
1238 1385 1278 1440 (lb
1291 1386 1341 1440 boc
1354 1388 1424 1441 ιιιιιιι
1437 1397 1465 1441 ιι
1475 1386 1638 1456 prouidentia
1650 1388 1737 1442 diuina
1748 1389 1799 1455 eis,
1811 1388 1873 1458 qui·

1088 1474 1136 1528 bus
1149 1491 1197 1530 rios
1210 1484 1315 1530 constat
1326 1491 1386 1531 csse
1397 1478 1523 1547 potiores,
1542 1477 1600 1531 data
1615 1487 1675 1531 sinu
1690 1477 1811 1547 ‹primdarn
1823 1491 1874 1548 po-v

1089 1565 1156 1618 tiora
1166 1581 1306 1633 corporum
1319 1582 1441 1632 mutrcra,
1452 1575 1480 1621 ut
1493 1567 1557 1621 iliud
1568 1584 1620 1638 quo
1629 1568 1668 1622 eis
1681 1569 1874 1637 preponimus,

1088 1655 1168 1710 etiam
1183 1654 1234 1711 isto
1251 1657 1329 1711 modo
1344 1659 1420 1712 nobis
1435 1659 1669 1713 commendaretur
1680 1659 1876 1731 rnuitomajore

1089 1758 1151 1800 cura
1173 1746 1349 1801 excutiendum
1362 1762 1431 1814 esse,
1447 1763 1526 1817 quant
1540 1762 1653 1817 corpus3
1669 1749 1806 1818 ipsamque
1826 1764 1876 1804 cx·

1090 1836 1239 1890 cellantiam
1250 1839 1428 1906 corporalem,
1439 1855 1517 1910 quam
1528 1839 1663 1895 daemones
1675 1840 1774 1896 babere
1784 1853 1878 1895 trosse-

1090 1942 1161 1995 mus,
1174 1944 1228 1999 pru
1242 1930 1360 1985 bonitate
1378 1931 1449 1996 ritae,
1464 1946 1516 2002 qua
1530 1930 1584 1986 iliis
1594 1933 1790 2002 anteponimur,
1811 1945 1878 1986 cou-

1092 2028 1211 2075 temnere
1225 2019 1398 2087 disceremus,
1412 2022 1526 2077 babituri
1538 2032 1566 2078 et
1584 2037 1633 2078 nos
1647 2023 1879 2078 immortalitatem

1088 2125 1243 2181 corporum,
1253 2126 1305 2166 nou
1314 2127 1393 2183 quam
1404 2112 1592 2182 suppliciorum
1601 2115 1735 2169 amenitas
1744 2116 1880 2184 torqueat,

1089 2202 1138 2258 sed
1153 2217 1230 2272 quam
1247 2203 1347 2272 puritas
1361 2205 1494 2274 precedat
1507 2206 1667 2260 animorum.

1127 2295 1155 2348 2.
1174 2293 1232 2348 laun
1248 2309 1310 2349 vero
1329 2295 1362 2349 de
1376 2295 1427 2350 ioci
1442 2296 1592 2362 altitudine,
1606 2297 1676 2366 quod
1696 2294 1833 2352 demones
1851 2296 1881 2353 iu

1092 2399 1165 2448 aere,
1185 2397 1234 2438 nos
1253 2393 1341 2439 auteur
1355 2383 1505 2441 habitamus
1524 2386 1550 2439 in
1567 2395 1646 2450 terra,
1661 2387 1696 2439 ita
1719 2386 1881 2455 pemroneri,

1094 2482 1124 2529 ut
1143 2473 1206 2528 binc
1220 2487 1267 2528 eos
1288 2474 1365 2528 nobis
1386 2489 1446 2529 esse
1465 2474 1659 2544 proponendos
1680 2475 1882 2541 existimemus,

1095 2566 1203 2619 orianino
1222 2565 1362 2620 ridiculum
1374 2574 1424 2621 cst.
1439 2565 1495 2623 lloc
1508 2567 1579 2622 enim
1593 2574 1670 2636 pacto
1686 2567 1763 2621 uobis
1774 2575 1803 2621 et
1821 2580 1883 2622 orn-

1095 2656 1139 2713 uia
1154 2657 1272 2711 volatilia
1285 2658 1472 2726 proponimus.
1484 2656 1518 2711 bt
1531 2656 1602 2713 euim
1617 2656 1746 2722 volatilia,
1757 2670 1818 2711 eum
1832 2672 1883 2712 ro·

1096 2747 1176 2805 lande
1193 2747 1354 2817 fatigantur,
1378 2747 1421 2801 uel
1439 2746 1610 2801 reiiciendum
1632 2745 1764 2800 alimentis
1785 2759 1885 2816 corpus

1095 2839 1204 2903 habeut,
1220 2848 1318 2893 terram
1329 2845 1462 2907 repetunt,
1482 2837 1524 2892 ιιι
1537 2837 1572 2891 ιιι
1589 2838 1718 2907 requiem,
1736 2835 1778 2892 vel
1790 2836 1824 2892 ad
1837 2852 1885 2908 pa·

1097 2941 1187 2996 stum;
1213 2930 1284 3001 quod
1304 2929 1458 2996 daemones,
1478 2930 1614 2999 inquiunt,
1640 2943 1692 2984 non
1712 2928 1813 2984 iaciunt
1833 2929 1886 3001 (a).

1097 3023 1228 3093 Numquid
1244 3037 1307 3094 ergo
1321 3022 1407 3092 piacet
1417 3021 1468 3088 eis,
1482 3028 1510 3075 ut
1520 3021 1635 3076 volatilia
1646 3019 1735 3086 nobis,
1748 3018 1886 3074 dacruoncs

1098 3123 1187 3171 autem
1201 3118 1280 3169 etiam
1296 3113 1446 3169 volatilibus
1458 3111 1640 3167 antecellanti
1650 3109 1725 3177 Quod
1739 3110 1762 3164 si
1775 3109 1887 3166 demeu-

1099 3207 1229 3261 tissimum
1244 3213 1286 3260 est
1306 3203 1421 3273 opinari,
1436 3203 1502 3256 nibil
1523 3209 1564 3257 est
1582 3199 1652 3271 quod
1672 3200 1705 3256 dc
1720 3199 1887 3255 habitatione

1099 3296 1245 3366 superior-is
1264 3293 1391 3350 elementi
1409 3292 1502 3364 dignos
1520 3306 1580 3348 esse
1593 3291 1729 3346 daemones
1747 3291 1887 3348 existime-

1100 3402 1170 3452 mus,
1183 3385 1278 3456 quibns
1291 3400 1339 3440 nos
1354 3384 1488 3454 religionis
1498 3382 1594 3439 ellectu
1604 3382 1718 3438 subdere
1730 3381 1887 3439 debeamus.

1100 3477 1258 3534 sicutenim
1276 3476 1332 3531 iteri
1350 3476 1435 3546 potuit
1447 3485 1475 3529 ut
1487 3476 1567 3531 aerim
1579 3475 1702 3529 uolucres
1715 3474 1888 3530 terrestribus

1100 3568 1177 3622 riobis
1187 3583 1239 3623 nou
1254 3568 1340 3623 seium
1354 3581 1406 3622 uon
1417 3566 1599 3637 preferantur,
1609 3580 1701 3629 ,rerum
1713 3566 1795 3622 etiam
1804 3565 1889 3635 subji-

1101 3662 1204 3716 ciantur
1219 3667 1327 3728 propter
1344 3658 1482 3714 rationalis
1499 3658 1605 3722 animm,
1625 3671 1685 3727 quac
1702 3657 1729 3711 in
1743 3656 1821 3712 nobis
1833 3666 1888 3722 est,

1101 3750 1255 3821 dignitatem
1267 3765 1275 3813 ς
1289 3748 1324 3804 ita
1335 3750 1390 3803 lieri
1406 3749 1489 3818 potuit
1500 3757 1529 3805 ut
1539 3748 1684 3815 daemones,
1695 3749 1818 3818 quamvis
1830 3761 1891 3805 ma·

1100 3842 1141 3912 gis
1153 3842 1218 3897 aerii
1239 3842 1301 3908 sint,
1324 3841 1493 3901 terrestribus
1511 3840 1589 3899 uobis
1610 3855 1664 3895 nou
1683 3840 1744 3896 ideo
1762 3841 1890 3897 melioret

1102 3933 1164 3999 sint,
1178 3933 1238 4002 quia
1252 3941 1294 3987 est
1307 3946 1356 3987 aer
1370 3947 1449 4002 quam
1465 3941 1534 3987 terra
1548 3933 1688 4001 superior;
1706 3931 1754 3987 sed
1772 3932 1833 3988 ideo
1849 3933 1890 3988 eis

1103 4021 1224 4076 beurunes
1237 4019 1396 4090 praeierendi
1408 4022 1471 4085 siut,
1482 4021 1605 4090 quoniam
1618 4021 1673 4090 spei
1686 4020 1788 4090 piorutu
1800 4019 1890 4079 bouri-

1106 4126 1169 4165 num
1190 4111 1469 4180 nequaquamiiiorum
1485 4111 1634 4180 desperatio
1643 4111 1823 4180 comparanda
1836 4120 1888 4169 est.

1102 4201 1168 4256 Nam
1181 4210 1209 4256 et
1220 4201 1264 4256 iila
1277 4206 1343 4256 ratio
1354 4201 1481 4268 Platonis,
1495 4216 1546 4271 qua
1559 4202 1690 4256 elementa
1703 4212 1818 4271 quatuor
1828 4216 1890 4272 pro·

1103 4293 1226 4363 portione
1239 4293 1360 4347 contexit
1372 4300 1452 4362 atque
1464 4293 1579 4358 ordinat,
1591 4292 1627 4346 ita
1639 4291 1742 4347 duobus
1751 4293 1888 4361 extremis,

1104 4383 1158 4453 igui
1168 4381 1341 4436 mobilissimo
1353 4389 1380 4437 et
1390 4390 1468 4437 tcrrae
1480 4382 1615 4450 immobili,
1627 4381 1712 4438 media
1723 4382 1787 4451 duo,
1799 4398 1889 4440 aerem

1103 4480 1131 4526 et
1144 4487 1249 4542 aquam,
1262 4471 1432 4540 interserens,
1445 4482 1472 4527 nt
1482 4483 1581 4542 quanto
1590 4488 1636 4529 aer
1647 4481 1689 4528 est
1699 4472 1775 4543 aquis
1786 4484 1815 4528 et
1827 4488 1890 4530 aere

1104 4562 1182 4634 ignis,
1203 4571 1277 4617 tanto
1290 4570 1317 4617 et
1329 4579 1404 4634 aque
1417 4564 1566 4633 superiores
1584 4564 1637 4618 siut
1652 4564 1747 4630 terris;
1762 4563 1828 4619 satis
1840 4579 1890 4620 tros

1103 4653 1228 4708 admonet
1250 4653 1403 4708 animalium
1426 4654 1520 4710 merita
1545 4668 1597 4708 non
1619 4667 1669 4722 pro
1695 4653 1889 4710 elementorum

1104 4744 1777 4816 gradibusetimareiitipsequippeApuleiuseun
1785 4748 1889 4805 ceteris

1106 4844 1230 4893 terrestre
1249 4838 1345 4892 animai
1356 4838 1489 4892 bominem
1502 4839 1566 4892 dicit
1580 4837 1630 4909 (lie
1645 4838 1691 4893 deo
1707 4838 1834 4912 Socratis)
1846 4838 1890 4910 qui

1106 4929 1279 4999 tameulonge
1297 4929 1457 4998 preponitur
1475 4929 1633 4983 animalibus
1644 4930 1814 5001 aquatilibus,
1831 4944 1891 4986 cunt

1105 5020 1177 5090 ipsas
1182 5034 1265 5089 aquas
1273 5020 1351 5074 terris
1358 5029 1494 5088 praepouat
1503 5017 1587 5073 Plato:
1598 5029 1627 5072 ut
1634 5019 1812 5087 intelligamus
1821 5021 1830 5052 ¹
1839 5034 1889 5073 uon

1105 5108 1226 5164 eumdem
1247 5106 1366 5162 ordinent
1387 5107 1538 5174 tenendum,
1559 5124 1620 5164 cum
1642 5108 1728 5179 agitur
1742 5109 1890 5165 demeritis

1107 5199 1263 5262 animarum,
1279 5198 1325 5267 qui
1339 5197 1514 5252 videturesse
1533 5198 1599 5253 ordo
1613 5199 1639 5254 iu
1652 5198 1779 5269 gradibus
1791 5214 1888 5268 corpo·

1138 5326 1501 5393 tuosmuss.,utntetttqou.
1540 5337 1570 5380 ιι.

1106 5412 1217 5462 animalia
1233 5413 1299 5462 aeria
1310 5411 1443 5460 etatberia
1456 5419 1533 5470 vocat,
1548 5412 1589 5462 lib.
1603 5414 1615 5461 i
1628 5418 1711 5462 eontra
1729 5412 1892 5471 amoenius,

1107 5488 1131 5523 n.
1141 5474 1186 5530 ⁶203
1199 5474 1271 5535 epist.
1281 5473 1305 5530 u,
1318 5486 1341 5521 u.
1354 5473 1383 5532 ὃς
1396 5479 1421 5521 ιι
1433 5471 1474 5521 lib.
1492 5474 1550 5524 ode
1570 5475 1658 5523 Genesi
1669 5473 1699 5521 ad
1711 5475 1774 5533 titt„
1786 5487 1840 5537 esp.
1853 5474 1891 5533 iti,

1107 5548 1159 5604 nn..
1174 5533 1211 5592 il,
1230 5535 1268 5592 ia,
1287 5533 1407 5605 quioniam,
1422 5535 1458 5584 uti
1477 5543 1599 5596 postremo
1614 5532 1666 5584 ioco
1684 5534 1751 5593 dicit,
1763 5546 1893 5600 corporuut

1107 5607 1228 5646 uersurum
1238 5601 1325 5644 ιιιιιιιιιι
1336 5602 1421 5658 capuit.

1140 5657 1176 5718 (o)
1189 5655 1278 5719 tpuieii
1290 5656 1342 5708 baec
1351 5664 1388 5707 est
1397 5658 1540 5723 excepticia
1551 5657 1612 5709 libro
1623 5655 1712 5709 betleo
1722 5663 1834 5711 socratis.
