3900 6390
280 300 334 362 tls

268 421 366 483 misisse
374 432 422 490 per
433 418 500 471 imos
510 423 621 479 meatus,
634 414 697 469 nibil
711 413 771 468 inde
782 413 809 468 in
820 413 878 482 ejus
887 427 993 467 carnem
1004 426 1064 464 tnu-

284 519 366 564 tutum
380 518 458 576 atquc
468 518 636 567 oontersum,
652 517 711 557 cnm
726 503 781 572 ipsa
796 503 894 557 macies
907 516 966 571 quse
978 500 1026 555 init
1038 510 1066 556 et

283 614 337 656 non
352 606 402 664 est,
421 597 486 653 satis
500 595 670 665 indicetque
683 593 734 649 illis
752 593 821 649 escis
834 592 991 649 detrimenta
1003 606 1066 661 sup-

284 691 351 760 pletu
366 688 440 743 sinti
456 687 514 743 iarn
536 686 624 754 itaque
645 685 731 754 aliqum
752 684 832 753 pntrlo
849 694 911 738 ante
931 681 1063 752 premisi,

282 793 341 852 qnae
353 778 386 833 ad
401 780 479 833 istum
492 790 597 847 quoque
608 773 704 829 nodum
715 773 869 828 soluendum
884 772 971 826 valere
984 769 1066 826 debe·

281 871 359 926 bunt.
372 866 504 938 Quidquid
519 868 589 920 etnim
602 865 721 919 cantium
733 863 854 916 exhausit
868 861 959 926 fames,
976 865 1066 931 utrque

227 1006 230 1010 »
281 964 308 1019 in
320 976 399 1018 annas
408 971 449 1017 est
460 959 611 1016 esltalutnm
625 975 631 1011 :
648 958 717 1012 unde
728 957 843 1012 diximus
855 957 1064 1026 omnipotentem

280 1054 364 1110 Deum
380 1066 457 1124 posse
470 1065 597 1107 revocare
610 1048 680 1119 quod
693 1047 767 1117 lngit.
782 1047 918 1103 lleddeurr
928 1061 991 1117 ergo
1002 1061 1065 1102 caro

280 1144 324 1200 llla
337 1143 447 1206 bomini,
461 1142 488 1196 in
502 1157 556 1211 trun
569 1155 628 1195 esse
641 1154 703 1194 caro
715 1138 828 1192 bumana
842 1137 963 1207 primitus
973 1137 1063 1207 eoepit.

280 1235 322 1289 tto
336 1234 381 1290 illo
392 1234 491 1304 quippe
502 1233 587 1286 altero
605 1240 729 1299 tartunam
750 1239 840 1283 mutuo
859 1237 962 1298 sumpta
982 1228 1064 1298 depu-

279 1323 359 1380 tanda
370 1334 429 1378 est:
444 1335 505 1392 quic
517 1321 585 1376 sicut
597 1319 776 1384 assalierunt,
791 1318 816 1374 ει
831 1317 991 1373 redhibenda
1004 1327 1062 1386 est,

280 1413 351 1469 undo
362 1423 466 1483 sumpta
479 1419 529 1466 cst.
544 1411 596 1468 Sua
608 1425 674 1466 rcro
684 1410 733 1474 ιιιι,
743 1425 822 1479 quoru
835 1409 918 1464 lantes
927 1410 1063 1465 exinanie-

279 1512 336 1570 rat,
351 1503 386 1559 ab
398 1519 432 1558 eo
450 1501 495 1574 qui
508 1510 594 1572 potest
611 1501 690 1556 etiam
704 1500 825 1555 eslralata
846 1515 979 1565 reuocare,
1000 1500 1062 1555 red-

280 1593 368 1648 detur.
382 1592 509 1661 Quamvis
520 1591 570 1646 etsi
585 1590 707 1645 omnibus
718 1590 829 1660 perisset
839 1591 935 1654 modis,
951 1605 1001 1646 nec
1012 1591 1062 1645 ulla

279 1683 339 1753 ejus
352 1683 475 1738 materies
494 1682 520 1737 ιιι
539 1681 609 1739 ιιιιιε,
623 1691 723 1750 naturus
745 1679 853 1734 latebris
874 1681 1061 1746 remansisset,

280 1775 351 1830 urtde
363 1774 458 1840 reliet,
471 1789 528 1829 earn
546 1782 683 1844 repararet
694 1770 877 1846 Omnipotens.
892 1770 944 1828 Sed
956 1784 1063 1842 propter

279 1868 437 1922 sententiam
452 1865 575 1921 Veritatis
586 1907 594 1928 ,
605 1879 656 1935 ntra
669 1863 768 1918 dictum
781 1870 831 1926 cst,
845 1862 960 1932 Capillus
972 1863 1062 1932 cupitis

276 1958 353 2012 εεειη·
366 1973 417 2011 ιιοιι
429 1955 535 2026 peribit3
546 1954 691 2011 absurdum
707 1961 749 2008 est
761 1961 790 2008 nt
802 1963 933 2023 putemus,
943 1968 1003 2009 enm
1014 1969 1061 2009 ca-

279 2046 359 2116 pillus
377 2045 491 2100 hominis
506 2044 593 2114 perire
606 2058 659 2098 non
676 2042 775 2113 possit,
789 2051 875 2097 tantas
886 2056 980 2098 carnes
993 2043 1062 2099 lame

272 2136 403 2206 depastas
414 2145 494 2206 atque
506 2141 676 2203 consumptas
685 2132 772 2203 perire
784 2133 909 2202 potuisse.

311 2229 342 2279 b.
355 2227 455 2293 Quibus
467 2224 590 2281 omnibus
604 2238 651 2295 pro
666 2232 757 2279 nostro
767 2223 874 2280 modulo
887 2224 1062 2279 consideratis

278 2331 357 2392 angue
378 2319 512 2385 nunus,
527 2317 585 2373 lraec
597 2333 700 2372 summa
716 2317 865 2381 coniicitur,
882 2325 910 2371 ut
931 2316 957 2371 in
970 2331 1060 2372 resur·

272 2413 396 2473 ,rectione
409 2411 496 2465 carnis
509 2410 534 2463 in
545 2417 672 2464 ueternum
687 2423 732 2463 eas
747 2422 883 2462 mensurus
897 2406 1061 2463 lrabeatcor·

279 2515 372 2572 porum
397 2498 569 2569 magnitudo,
591 2512 659 2591 quas
679 2495 793 2552 babebat
819 2496 984 2567 perliciende
1004 2497 1061 2553 sino

279 2592 402 2664 perfectu
417 2591 542 2663 cuiusque
556 2590 637 2644 indita
657 2590 761 2660 corpori
780 2589 848 2642 ratio
859 2587 1017 2658 juventutis,
1034 2590 1060 2645 in

278 2683 459 2738 membrorum
481 2697 585 2752 quinque
605 2679 722 2736 omnium
741 2681 856 2736 modulis
878 2696 996 2753 congruo
1014 2682 1062 2738 de·

276 2788 340 2833 cure
365 2782 479 2828 serrato.
494 2771 569 2847 Qutrd
593 2771 676 2830 decus
700 2782 730 2827 ut
755 2782 892 2837 serretur,
915 2773 940 2829 si
962 2774 1060 2847 aliquid

277 2863 412 2933 demptum
428 2861 512 2917 ¹luerit
535 2861 666 2920 indecenti
688 2862 765 2917 alicui
777 2862 917 2934 granditati
937 2863 965 2918 in
986 2873 1060 2935 parte

271 2953 363 3024 aliqua
377 2941 540 3020 constitutae,
555 2951 625 3023 quod
636 2962 782 3023 pertulum
803 2962 957 3023 spargatur,
972 2962 1001 3009 ut
1013 2969 1060 3010 ue·

270 3058 328 3119 ,qtte
340 3041 365 3097 id
379 3051 486 3113 pereat,
501 3050 528 3098 et
540 3043 711 3114 congruentia
730 3042 843 3113 partium
856 3043 952 3114 ubique
970 3052 1060 3101 ιειιεε·
1104 3072 1107 3078 ,

272 3145 329 3199 tnr,
345 3142 451 3189 nonest
464 3133 619 3198 absurdum,
636 3141 664 3188 ut
677 3133 773 3204 aliquid
785 3133 847 3190 inde
858 3134 937 3190 etium
951 3143 1060 3191 suturae

275 3226 396 3297 corporis
407 3225 468 3281 addi
489 3240 567 3296 posse
585 3223 741 3285 credamus:
756 3238 817 3280 cum
838 3224 961 3280 omnibus
978 3226 1059 3296 parti·

275 3319 336 3385 bus,
350 3328 379 3375 ut
392 3317 516 3374 decorem
538 3315 705 3383 custodiunt,
718 3315 744 3371 id
758 3315 933 3384 distribuitur,
952 3318 1058 3389 quodsi

274 3409 421 3465 enormiter
433 3407 460 3464 in
479 3422 531 3464 una
545 3414 634 3475 esset,
648 3406 737 3476 utique
755 3420 811 3463 noa
832 3405 948 3462 deceret.
970 3407 1023 3461 Aut
1035 3407 1058 3462 si

274 3498 442 3556 contenditur
455 3497 481 3556 iu
492 3512 522 3554 ea
536 3511 667 3568 quetttque
681 3504 780 3551 statura
793 3496 913 3567 eorporis
935 3511 1057 3553 resurre-

273 3598 378 3644 cturum
389 3602 458 3653 esse,
469 3586 496 3642 in
509 3600 560 3657 qua
571 3583 711 3640 defunctus
722 3592 773 3651 est,
787 3601 840 3642 ιιοιι
850 3586 1004 3658 pugnaciter
1016 3602 1059 3642 re-

273 3676 421 3735 sistendum
435 3684 493 3742 est;
509 3683 611 3731 tantum
620 3674 690 3730 absit
698 3675 784 3730 omnis
795 3673 960 3744 deformitas,
971 3677 1058 3734 ontnis

276 3766 427 3834 inllrmitas,
440 3765 527 3822 omnis
539 3764 664 3830 tarditas,
679 3763 817 3834 omnisque
824 3765 979 3836 corruptio,
995 3767 1057 3822 etsi

272 3865 337 3940 guid
355 3865 426 3921 aliud
441 3863 505 3920 illud
518 3877 572 3920 non
585 3861 662 3918 dccet
674 3875 795 3932 regnum
810 3860 837 3914 in
854 3874 909 3932 quo
935 3875 1057 3917 resurre-

274 3957 371 4014 ctionis
382 3963 410 4013 et
421 3950 785 4027 promissiontsttltinquates
793 3958 871 4007 crunt
882 3950 989 4022 Angelis
997 3951 1055 4018 bei,
1098 3982 1101 3987 ·

274 4047 297 4102 si
310 4061 363 4101 non
376 4058 499 4115 corpore,
514 4057 568 4099 non
578 4048 665 4108 aetate,
676 4049 749 4096 certe
758 4039 894 4096 felicitate.

273 4195 386 4253 CAPUT
406 4194 477 4251 XXl.
492 4224 527 4236 -
545 4192 586 4248 lte
602 4193 710 4247 nouitate
727 4191 839 4262 emporia
856 4191 1009 4262 spintuuiit,
1030 4207 1057 4247 tu

438 4302 512 4357 quom
525 4295 668 4342 sanctorum
681 4300 740 4339 curo
750 4283 895 4338 mutabitur.

311 4419 474 4476 liestitnetur
487 4431 550 4487 crgo
564 4425 591 4471 et
606 4415 731 4487 quidquid
749 4416 783 4471 de
801 4416 955 4486 corporibus
973 4415 1055 4481 viris,

276 4513 319 4569 rel
331 4516 513 4583 postmortem
527 4506 561 4561 de
574 4505 745 4562 cadatcribns
761 4506 853 4574 periit,
867 4515 894 4560 et
906 4506 984 4563 simul
996 4520 1056 4561 cum

275 4621 309 4662 eo
321 4601 391 4674 quod
410 4601 436 4656 ιιι
451 4598 579 4670 sepulcris
593 4598 728 4662 retransit,
744 4598 770 4650 in
785 4598 927 4666 spiritualis
939 4599 1057 4669 corporis

275 4696 421 4751 novitatem
442 4707 475 4748 ex
495 4687 617 4745 animalis
638 4688 756 4756 corporis
778 4695 907 4742 uetustate
927 4696 1056 4744 mutatum
1095 4717 1098 4723 ·

276 4794 405 4855 resurget,
420 4779 614 4851 incorruptione
626 4786 704 4846 angue
716 4776 911 4832 immortalitate
922 4779 1056 4834 restitum.

276 4876 330 4933 Sed
342 4875 392 4930 etsi
406 4874 449 4928 nel
460 4887 522 4926 casu
536 4870 623 4941 aliquo
635 4868 708 4939 graui
723 4869 764 4922 vel
783 4865 948 4923 inimicorum
961 4869 1056 4924 imma·

276 4969 359 5024 nitate
371 4977 454 5023 totum
465 4964 570 5035 penitus
580 4969 732 5017 conteratur
743 4960 771 5015 in
783 4959 927 5032 pulverem,
941 4970 1018 5030 atque
1030 4961 1057 5016 in

276 5074 354 5113 auras
371 5058 412 5113 rel
427 5058 454 5111 in
466 5070 547 5126 aqttas
564 5053 711 5123 dispersum
731 5061 857 5122 quantum
875 5053 931 5107 lieri
952 5063 1055 5122 potest,

277 5163 406 5218 rttrsqnam
427 5161 486 5202 esse
507 5146 608 5200 sinatur
623 5143 746 5207 omnino,
760 5141 924 5198 nullomodo
938 5143 1058 5198 subtrahi

277 5239 373 5309 poterit
386 5235 582 5305 omnipotentiae
595 5232 737 5296 Creatoris,
751 5231 799 5287 sed
810 5232 920 5301 capillus
932 5232 957 5286 in
970 5247 1004 5288 eo
1014 5248 1058 5288 cu·

256 5374 258 5379 .
276 5330 338 5404 pitis
352 5343 405 5382 tion
417 5327 523 5396 peribit.
537 5324 594 5380 Erit
605 5339 668 5394 ergo
678 5323 779 5394 spiritui
790 5322 893 5378 subdita
905 5338 967 5379 caro
981 5324 1058 5394 spiri·

277 5422 366 5486 tualis,
380 5418 425 5474 sed
439 5427 527 5472 tannen
539 5432 611 5482 caro,
626 5430 678 5469 non
693 5415 820 5484 spiritus:
835 5416 985 5471 sicutcarui
996 5416 1059 5472 sub-

277 5515 349 5567 ditus
362 5509 411 5564 luit
428 5507 535 5579 spiritus
555 5507 610 5574 lpse
628 5505 755 5565 carinatis.
773 5504 819 5559 sed
833 5515 921 5560 tamen
934 5507 1056 5576 spiritus,

276 5619 330 5659 nnn
342 5617 415 5657 caro.
426 5599 507 5668 Cujus
517 5596 553 5650 rei
568 5596 694 5651 ltnltemus
703 5595 911 5666 experimentum
922 5597 950 5651 in
960 5608 1057 5654 nostrae

275 5706 362 5748 emino
374 5687 549 5747 deformitate.
563 5685 620 5744 lion
633 5687 703 5742 enim
716 5686 859 5743 secundum
871 5702 995 5758 caruem,
1008 5689 1056 5746 sod

805 299 849 354 bt
867 297 1024 354 ClVthlTE
1044 298 1110 365 bul,
1121 298 1149 354 S.
1170 299 1351 361 ,lucustiltt

1856 306 1903 367 idi

1119 413 1210 482 ntique
1223 416 1368 471 secundum
1385 415 1506 487 spiritum
1519 417 1641 474 carnales
1653 427 1751 484 oratu,
1764 417 1861 488 quibtrs
1871 423 1904 478 st

1118 505 1281 570 Apostolus:
1298 504 1360 560 Non
1378 507 1447 576 potui
1465 507 1532 562 uobis
1548 508 1617 577 boui
1630 511 1706 578 grau
1720 509 1914 580 spiritualium*

1114 592 1161 645 red
1174 595 1246 662 must
1257 596 1400 651 εειιιαιιιιε
1412 596 1434 668 (l
1445 594 1505 653 Gor.
1520 613 1558 663 nr,
1572 598 1610 666 l).
1624 598 1657 653 Et
1670 596 1757 653 bomo
1767 599 1902 667 saintualis

1115 684 1156 740 sic
1169 686 1196 739 in
1216 685 1265 743 hac
1283 688 1336 742 rita
1350 687 1455 751 dicitur,
1471 696 1500 743 ut
1513 697 1600 743 tamen
1614 703 1732 758 corpore
1749 688 1840 744 adituro
1850 704 1900 747 etr-

1116 776 1183 831 nalis
1197 777 1246 842 sit,
1260 785 1288 832 et
1300 777 1390 833 rident
1406 779 1484 833 aliam
1503 778 1589 848 lugent
1607 779 1634 833 in
1650 777 1789 833 membris
1801 780 1856 833 stris
1865 795 1903 835 re·

1115 875 1275 937 pugnantem
1289 867 1340 939 legi
1353 866 1609 939 mentissucfflom.
1620 883 1666 933 ιιι,
1678 866 1728 940 23)
1742 867 1815 923 :erit
1824 878 1902 925 ιιιειιι

1115 959 1194 1014 etiarn
1208 974 1321 1031 corpore
1333 960 1487 1030 spiritualis,
1502 975 1563 1016 cunr
1576 959 1670 1016 cedern
1684 975 1753 1016 erro
1767 960 1810 1014 eie
1821 976 1902 1016 restr-

1115 1048 1229 1116 rexerit,
1242 1057 1272 1104 ut
1289 1048 1335 1105 flat
1351 1049 1422 1120 quod
1440 1051 1566 1120 scriptum
1579 1058 1636 1117 est,
1651 1049 1811 1106 Senam
1821 1066 1903 1120 corpur

1114 1138 1234 1203 animale,
1246 1149 1357 1210 resurget
1367 1156 1457 1208 corpur
1468 1140 1599 1211 spirituum
1609 1140 1629 1211 (Ι
1639 1139 1703 1197 Gor.
1715 1156 1766 1208 ιι,
1780 1141 1838 1212 42).
1847 1142 1903 1211 οη

1114 1229 1261 1295 citantem,
1273 1238 1302 1284 et
1314 1245 1391 1299 quarn
1406 1245 1499 1301 magna
1513 1231 1659 1301 spiritualis
1673 1233 1804 1302 eorporis
1814 1235 1901 1303 grst'n,

1114 1320 1238 1388 quottiam
1254 1321 1370 1376 nondum
1390 1321 1463 1377 renit
1476 1322 1502 1377 in
1514 1323 1752 1394 experimentum,
1767 1338 1863 1380 vereor
1874 1339 1903 1380 ur

1115 1408 1284 1463 temerarium
1296 1411 1331 1464 sit
1340 1425 1419 1465 omne
1428 1411 1498 1491 quod
1510 1411 1543 1467 de
1555 1411 1597 1466 illa
1610 1412 1751 1481 protertur
1761 1411 1901 1482 ειοιιιιιιιιιι.

1114 1495 1302 1554 Verumtamen
1320 1501 1380 1570 quin
1399 1502 1456 1571 spei
1471 1511 1568 1556 nostre
1584 1501 1713 1573 gaudium
1735 1511 1849 1573 propter
1861 1502 1902 1559 bai

1114 1585 1218 1642 laudem
1230 1601 1283 1643 non
1296 1597 1337 1643 est
1350 1589 1500 1655 tacendum,
1511 1599 1538 1646 et
1549 1590 1584 1646 de
1595 1591 1699 1648 intimis
1710 1591 1836 1648 ardentis
1847 1607 1902 1648 sau·

1113 1675 1149 1730 cti
1163 1676 1262 1731 arnonis
1275 1677 1396 1734 medullis
1408 1678 1506 1735 dictum
1518 1688 1576 1745 est,
1591 1679 1720 1747 diamur,
1737 1680 1822 1736 dt&
1832 1680 1900 1737 dete·

1113 1783 1165 1820 reru
1179 1766 1269 1822 domur
1281 1778 1332 1824 tue
1343 1768 1434 1842 (Paul.
1449 1786 1510 1836 ιιι,
1525 1771 1559 1842 8)
1573 1788 1581 1826 :
1593 1771 1627 1828 de
1638 1771 1719 1829 donis
1733 1773 1795 1841 eins
1807 1774 1899 1844 quein

1113 1857 1164 1914 lrac
1176 1861 1397 1916 aerumnosissima
1411 1862 1463 1916 rita
1477 1861 1553 1918 bonis
1566 1863 1698 1934 malisque
1712 1864 1837 1936 largitur,
1848 1867 1900 1936 ipro

1112 1951 1267 2021 adjurante,
1289 1954 1477 2023 conjiciamus,
1497 1965 1525 2009 ιιι
1546 1969 1706 2026 possumus,
1721 1966 1856 2027 quantam
1869 1958 1900 2012 sit

1112 2042 1186 2108 illud,
1203 2043 1272 2114 quod
1286 2046 1402 2100 nondum
1414 2047 1526 2116 experti,
1541 2048 1631 2118 utique
1643 2048 1726 2119 digne
1747 2049 1838 2120 eloqoi
1851 2065 1899 2106 noa

1111 2135 1241 2190 valemus.
1252 2135 1351 2191 Omitto
1359 2137 1429 2192 enim
1440 2137 1546 2209 qtmndo
1557 2137 1620 2193 lecit
1631 2138 1774 2195 bominem
1786 2150 1897 2206 rectam

1111 2228 1206 2282 omitto
1219 2228 1300 2283 ritant
1314 2227 1386 2283 illam
1399 2229 1513 2285 duorum
1526 2229 1668 2300 conjugunt
1682 2231 1710 2286 in
1729 2232 1849 2302 paradisi
1862 2232 1898 2289 lu·

1111 2317 1246 2374 canditate
1256 2318 1369 2386 felicem,
1382 2321 1507 2391 quoniam
1517 2322 1528 2354 ¹
1537 2331 1590 2376 tam
1602 2321 1691 2378 brevis
1701 2321 1766 2390 luit,
1778 2334 1809 2380 rt
1817 2324 1851 2380 ad
1860 2339 1899 2380 tre

1111 2410 1249 2465 soerrtium‘
1261 2424 1369 2466 sensum
1389 2426 1438 2467 nec
1456 2411 1512 2480 ipsa
1526 2414 1678 2483 pervenerit
1693 2431 1702 2467 a
1716 2414 1746 2471 in
1761 2416 1814 2472 bac
1824 2430 1897 2487 noan

1112 2499 1241 2564 norimus,
1255 2500 1281 2554 in
1292 2515 1344 2572 qtra
1358 2500 1443 2558 adlrnc
1456 2517 1558 2567 sumus,
1572 2503 1649 2573 coins
1661 2505 1837 2570 tentationes.
1849 2506 1898 2562 ino

1111 2605 1190 2661 quam
1217 2600 1298 2646 totam
1322 2594 1511 2660 tentationem,
1535 2594 1660 2666 quamdin
1682 2597 1710 2652 in
1733 2612 1769 2654 ea
1792 2611 1895 2665 mrum,

1106 2683 1303 2751 Δ(ιιιειιιιιιιιιιιιει
1324 2685 1509 2755 proficiamus,
1533 2685 1634 2755 perpeti
1657 2701 1712 2742 non
1735 2687 1895 2753 desioitaru,

1111 2787 1169 2843 quiae
1182 2775 1235 2828 siut
1249 2774 1345 2830 indicia
1359 2776 1428 2832 circa
1446 2790 1530 2848 εειιιιε
1543 2776 1688 2833 bmnaautn
1701 2778 1831 2837 bonitatis
1842 2780 1895 2845 bet.

1110 2864 1170 2934 quis
1182 2865 1278 2934 poterit
1289 2865 1440 2935 explicare?

1111 2975 1222 3034 CAPUT
1240 2977 1322 3034 xxti.
1336 3008 1373 3020 -
1386 2978 1426 3034 Ile
1438 2979 1544 3035 ιιιιιειιιι
1557 2996 1587 3035 uo
1599 2981 1691 3062 malls,
1705 2980 1799 3053 gruibus
1813 2982 1895 3038 duras·

1145 3085 1205 3122 num
1222 3085 1301 3140 genua
1320 3071 1409 3124 merito
1428 3070 1517 3142 pene
1535 3071 1750 3142 proetmioutt'ortir
1765 3073 1894 3129 maaian

1145 3169 1200 3226 ert,
1212 3171 1235 3215 et
1249 3177 1265 3215 u
1280 3160 1368 3231 quibua
1385 3177 1458 3216 nemo
1470 3162 1519 3218 oiri
1537 3177 1583 3234 per
1599 3161 1695 3218 Christi
1710 3165 1822 3236 ψωιιιι
1836 3166 1893 3220 libr·

1145 3260 1226 3306 ratur.
1535 3282 1539 3291 ·

1146 3363 1171 3418 l.
1187 3362 1252 3420 llum
1265 3363 1334 3436 quod
1346 3364 1379 3420 ad
1391 3363 1503 3435 primam
1513 3363 1642 3436 originem
1654 3364 1892 3436 putretudinem

1109 3456 1259 3511 mortalium
1270 3455 1421 3528 progeniem
1432 3455 1513 3512 luisse
1521 3456 1683 3525 damnatam,
1694 3456 1755 3513 hec
1768 3445 1824 3529 ipsa
1833 3459 1892 3523 rita,

1109 3549 1131 3604 si
1147 3549 1201 3604 rita
1213 3547 1323 3604 dicenda
1338 3559 1396 3617 est,
1412 3555 1450 3604 tot
1461 3557 1489 3604 et
1503 3548 1581 3603 tantis
1593 3548 1670 3604 malis
1682 3548 1762 3619 plena
1775 3559 1891 3606 ιεειειιιι.

1109 3638 1177 3708 Quid
1191 3640 1261 3695 enim
1275 3637 1347 3693 aliud
1362 3637 1461 3695 indicat
1479 3635 1610 3693 horrenda
1624 3635 1747 3709 quadam
1763 3639 1892 3710 produtdt·

1109 3740 1151 3785 tas
1163 3730 1326 3800 ignorantie,
1339 3746 1373 3785 ex
1383 3744 1434 3799 qua
1447 3726 1533 3784 omnis
1544 3741 1619 3784 orror
1630 3728 1730 3790 existit,
1746 3729 1793 3801 qui
1805 3743 1892 3784 ornnes

1109 3818 1177 3874 lilios
1190 3818 1274 3873 ddum
1290 3818 1429 3874 tenebroso
1440 3818 1553 3889 quodam
1567 3817 1627 3873 sinu
1639 3817 1763 3891 suscipit,
1777 3819 1890 3884 ntitomn

1108 3912 1142 3967 ab
1152 3911 1197 3966 illo
1209 3895 1316 3966 liberari
1326 3911 1384 3966 sine
1393 3909 1492 3978 laboro,
1503 3910 1605 3975 dolore,
1618 3913 1715 3966 timore
1727 3926 1782 3967 non
1796 3910 1890 3982 possiti

1108 4002 1177 4071 Quid
1191 4019 1265 4058 amor
1279 4003 1335 4073 ipse
1349 4013 1388 4058 tot
1399 4018 1487 4059 rerum
1503 4007 1630 4057 variarum
1643 4010 1722 4074 atque
1736 4003 1887 4067 noxiarum,

1106 4103 1136 4150 et
1149 4110 1182 4148 ex
1197 4094 1248 4149 hoc
1259 4093 1396 4149 mordaces
1412 4090 1493 4160 curn,
1515 4090 1737 4162 perturbationes,
1753 4107 1886 4157 moerores,

1108 4184 1271 4250 lormidlnes,
1285 4184 1376 4240 insana
1389 4183 1493 4253 gaudit,
1509 4183 1656 4250 discordiae,
1672 4182 1743 4251 lites,
1759 4183 1838 4251 bella,
1852 4183 1888 4237 in·

1108 4274 1193 4342 sidiae,
1208 4274 1359 4340 incondite,
1373 4267 1525 4339 inimicitie,
1537 4272 1650 4340 fallacia,
1664 4271 1794 4340 adulatio,
1808 4271 1886 4336 trans,

1109 4363 1217 4428 lurtum,
1235 4365 1337 4434 rapina,
1353 4362 1472 4433 pertidia,
1487 4362 1619 4432 superbia,
1634 4361 1756 4432 ambitio,
1772 4362 1886 4419 inriden-

1108 4455 1154 4518 tia,
1170 4453 1320 4521 homicidia,
1336 4452 1485 4524 parricidia,
1502 4452 1655 4522 erudelitas,
1668 4454 1782 4524 sevitia,
1799 4455 1887 4527 nequi·

1109 4547 1161 4614 tia,
1183 4546 1302 4612 luxuria,
1327 4546 1487 4616 petulantia,
1508 4545 1689 4618 impudentia,
1712 4546 1886 4618 impudicitia,

1108 4636 1313 4703 fornicationes,
1327 4635 1472 4704 adulteria,
1486 4634 1602 4702 incesta,
1617 4644 1645 4692 et
1662 4646 1756 4691 contra
1774 4646 1886 4692 naturam

1110 4727 1246 4797 utriusque
1264 4742 1343 4783 sexus
1362 4736 1400 4783 tot
1417 4737 1507 4798 stupra
1524 4725 1603 4798 atque
1621 4727 1813 4792 immunditie,
1827 4741 1887 4798 qun

1111 4825 1186 4889 turpe
1199 4828 1241 4873 est
1254 4818 1332 4878 ctiam
1345 4817 1444 4886 dicere,
1457 4817 1605 4890 sacrilegia,
1623 4816 1751 4886 haereses,
1770 4817 1886 4891 blaspbe-

1109 4906 1180 4972 miae,
1197 4907 1321 4978 perjuria,
1336 4903 1520 4979 oppressiones
1535 4904 1725 4974 innocentium,
1741 4907 1886 4972 calumnie,

1109 5000 1362 5066 circumventiones,
1377 4998 1622 5070 prevaricationes,
1640 4997 1705 5054 laisa
1724 4997 1886 5060 testimonia,

1111 5094 1199 5164 iniqua
1210 5092 1325 5162 judicia,
1339 5091 1488 5157 violentiae,
1503 5090 1657 5160 latrocinia,
1671 5100 1700 5146 et
1712 5089 1837 5163 quidquid
1850 5098 1887 5143 ta·

1111 5187 1174 5241 lium
1188 5187 1317 5242 malorum
1330 5185 1356 5239 in
1370 5193 1486 5241 mentem
1499 5199 1552 5240 non
1564 5183 1645 5249 venit,
1658 5191 1685 5237 et
1698 5190 1786 5238 tamen
1797 5182 1830 5237 de
1840 5181 1887 5233 rita

1110 5275 1159 5331 ista
1172 5276 1307 5331 bominum
1317 5289 1369 5330 non
1379 5274 1498 5330 recedit?
1511 5274 1605 5328 vertum
1617 5272 1675 5328 lutee
1686 5271 1823 5327 hominnm
1833 5279 1889 5326 sunt

1111 5365 1250 5432 malorum,
1261 5365 1295 5418 ab
1307 5364 1350 5419 illa
1365 5375 1452 5419 tomen
1463 5364 1562 5420 erroris
1575 5374 1602 5418 et
1612 5362 1730 5432 perversi
1743 5363 1841 5416 amoris
1852 5375 1889 5412 ra·

1110 5456 1169 5511 dico
1183 5455 1326 5522 venientia,
1340 5470 1401 5509 cum
1416 5470 1468 5525 qua
1480 5454 1568 5508 omnis
1581 5452 1652 5507 dilus
1668 5450 1753 5506 Adam
1768 5450 1889 5506 nascitur.

1109 5545 1175 5602 llam
1193 5544 1253 5616 quis
1272 5544 1375 5617 ignorat
1395 5559 1456 5599 cum
1474 5553 1572 5615 quantu
1592 5541 1738 5613 ignorantia
1756 5538 1888 5605 ueritatis,

1143 5699 1498 5765 *scemmenstete
