3900 6390
86 308 137 364 629

85 425 296 482 consentientem
317 427 422 482 trabant
438 428 493 499 (all
516 427 607 498 licque
628 429 699 483 enim
715 428 813 484 nullum
832 435 874 482 est

88 515 200 582 citium,
216 531 287 581 curn,
309 517 376 571 sient
390 516 454 572 dicit
468 519 628 586 Apostolus,
643 516 708 574 duro
720 517 875 587 cerrcnpirrit

86 606 206 661 nrirersus
226 609 341 676 spiritura
351 611 409 664 :cui
424 608 487 665 vitio
500 610 631 666 contraria
645 611 728 666 uirtus
743 619 874 688 est,cum,

87 696 156 751 sicut
168 695 238 753 idem
250 698 323 762 dicit,
338 698 452 768 Spiritus
466 702 619 772 corrrupiscit
632 702 752 755 adunans
763 717 874 757 curnem.

91 785 155 842 llaec
166 788 243 854 enirn,
257 789 351 860 inquit,
364 792 469 847 inuicem
482 794 665 861 aduermrrtur;
675 804 703 848 ut
716 808 767 850 non
780 810 809 848 eu
821 809 877 862 qua

88 878 163 935 uultis
182 879 283 950 [iacietis
298 880 396 954 (Galat.
410 899 436 949 r,
453 884 508 956 li).
521 885 589 953 erid
601 895 690 940 autem
704 883 791 942 lucere
803 886 877 942 roltt·

89 987 159 1039 mus,
174 987 234 1027 cnm
247 973 338 1044 perlici
352 977 475 1032 mrlumus
488 976 567 1031 intem
581 977 678 1033 sttrnmi
692 978 771 1046 boni,
785 978 836 1032 nisi
849 986 878 1034 ut

89 1079 153 1119 caru
165 1064 295 1121 adversus
315 1069 436 1138 spiritum
451 1083 503 1123 non
518 1070 707 1139 concupiscat,
729 1085 779 1126 nec
797 1071 831 1126 sit
851 1070 877 1126 in

90 1153 166 1209 nobis
179 1154 230 1211 lruc
244 1155 356 1225 vitium,
376 1166 468 1214 contra
482 1158 552 1230 quod
567 1159 676 1231 spiritus
689 1161 877 1232 concupiscat?

88 1244 164 1314 Quod
178 1246 205 1300 in
222 1245 273 1303 bac
286 1248 339 1304 uita
359 1250 482 1320 quamuis
501 1250 625 1318 velimus,
646 1250 770 1322 quoniam
791 1252 879 1308 lacere

90 1354 143 1393 nen
157 1338 289 1407 valemus,
305 1341 330 1396 id
345 1342 438 1398 saltem
453 1344 479 1397 in
492 1341 623 1414 adjutorio
636 1344 682 1399 oei
694 1344 830 1408 iaciamus,
845 1359 879 1401 ne

89 1429 163 1483 carni
177 1432 374 1502 concupiscenti
396 1433 525 1489 aduersus
541 1433 677 1506 spirltum,
701 1434 795 1505 spiritu
817 1449 879 1490 suc·

90 1519 233 1576 cumbente
249 1521 393 1590 cedamus,
413 1532 440 1578 et
460 1522 493 1578 acl
516 1523 719 1595 perpetrandum
742 1533 878 1596 peel-atum

91 1619 181 1662 nostra
192 1612 369 1665 consensione
381 1611 574 1682 pertrahamur.
583 1613 657 1668 Absit
666 1623 775 1684 ergoet,
787 1628 880 1683 qnam·

90 1701 136 1755 diu
151 1700 177 1755 in
193 1699 243 1756 boe
258 1701 328 1757 bcllo
350 1703 479 1759 intestino
489 1719 596 1771 sumus,
609 1707 663 1776 jam
680 1722 728 1761 nus
742 1706 880 1761 beatitudi-

93 1805 165 1850 nem.
181 1792 214 1846 ad
229 1807 308 1863 quant
323 1794 454 1850 uincendo
468 1796 589 1851 columns
605 1797 753 1868 pertenire,
769 1799 880 1870 adeptos

91 1894 151 1938 esse
169 1883 319 1938 credamus.
335 1884 368 1939 Et
383 1886 443 1957 quis
455 1895 496 1942 est
518 1904 601 1960 usqne
619 1888 686 1945 adeo
707 1892 829 1960 sapiens,
851 1901 880 1947 ut

90 1979 182 2026 eontra
196 1973 318 2029 libid'mes
333 1975 431 2030 nullum
446 1975 542 2033 habeat
554 1980 662 2034 omtrino
675 1979 845 2037 condictum?

126 2062 153 2117 d.
167 2063 235 2132 Quid
248 2063 291 2120 illa
312 2066 413 2134 rirtns,
429 2083 488 2140 qnae
501 2069 640 2138 prudencia
659 2070 772 2127 dieitur?
791 2089 880 2147 nonne

92 2158 145 2207 tota
159 2153 294 2225 vigilantia
313 2171 360 2211 sua
376 2157 445 2213 bona
467 2157 620 2216 discernito
635 2161 728 2226 malis,
742 2173 771 2217 ut
789 2163 881 2219 inillis

92 2245 250 2314 appetendis
272 2245 382 2320 istisque
402 2249 517 2306 vitandis
543 2253 630 2308 nullus
654 2271 730 2311 error
753 2256 881 2327 obrepat?

92 2336 131 2389 de
150 2349 197 2405 per
209 2335 259 2392 boe
280 2338 377 2409 etipsa
395 2356 443 2396 nes
458 2341 483 2396 in
503 2342 597 2411 malis,
610 2345 652 2399 uel
673 2345 742 2400 mala
757 2347 784 2401 in
805 2348 881 2403 nubis

91 2438 153 2481 esse
171 2435 292 2482 testatur.
306 2427 363 2499 lpsa
386 2430 456 2486 enim
477 2431 555 2488 docet
570 2449 637 2500 nos,
651 2436 749 2490 malum
769 2452 829 2494 esse
847 2439 880 2494 ad

90 2516 255 2584 peccandum
273 2521 440 2587 consentire,
457 2521 610 2594 bonumque
632 2539 692 2583 esse
712 2526 745 2583 ad
766 2543 880 2598 peccan-

91 2708 142 2750 nos
165 2711 219 2753 nort
240 2700 392 2758 consentire
415 2703 493 2761 docet
512 2706 667 2776 prudentia,
690 2708 752 2766 lacit
778 2722 880 2783 tempe·

90 2787 194 2854 mutia,
209 2803 259 2846 nee
282 2792 437 2861 pnrdcntia,
459 2810 509 2852 nec
534 2800 706 2870 temperantia
731 2801 800 2857 tollit
820 2802 882 2860 huic

90 2877 163 2932 ritu.
179 2877 247 2948 Quid
264 2881 376 2952 justitia,
392 2884 467 2956 culus
481 2902 577 2943 munus
596 2898 637 2945 est
657 2905 705 2946 sua
725 2877 882 2965 cuiqndtri·

91 2967 174 3025 bucce
188 2971 225 3044 (ι)
241 2973 322 3044 (unde
333 2976 360 3031 bt
375 2977 400 3032 in
412 2980 469 3048 ipsu
481 2979 587 3037 bomine
596 2982 702 3054 quidam
715 2982 802 3057 iustus
816 2988 882 3046 ordo

92 3071 205 3132 natura,
220 3074 249 3120 nt
268 3067 355 3123 aalma
375 3069 504 3127 subdatur
525 3072 580 3130 lieo
595 3085 623 3130 et
641 3075 738 3134 aninam
757 3093 837 3149 caro,
851 3095 882 3137 ac

92 3167 141 3224 per
154 3153 205 3211 buc
222 3156 276 3212 lieo
295 3167 322 3214 et
333 3160 420 3215 anima
433 3169 460 3217 et
473 3163 559 3236 caro),
574 3180 664 3224 nonne
675 3168 842 3227 demonstrat
856 3171 881 3228 in

91 3256 126 3298 eo
139 3259 170 3300 se
187 3246 276 3304 adbuc
295 3264 377 3321 opere
398 3251 519 3311 laborare
541 3257 646 3327 patius,
662 3274 742 3331 quarn
763 3261 789 3316 ln
805 3261 882 3334 balius

91 3338 181 3406 operis
200 3337 255 3409 J'am
278 3339 330 3395 llne
356 3343 542 3414 requiescere?
567 3346 653 3403 Tanto
673 3350 771 3421 quippe
796 3354 883 3409 minus

91 3429 180 3483 anima
190 3430 311 3487 subditur
325 3433 387 3499 ben,
404 3446 504 3506 quantu
515 3439 602 3494 minus
612 3438 695 3495 Deum
711 3440 736 3497 in
751 3441 815 3514 ipsis
827 3443 883 3500 suis

91 3520 294 3589 cogitationibus
313 3525 445 3596 concipit;
464 3537 491 3583 et
510 3536 583 3584 tanto
603 3530 690 3587 minus
707 3532 802 3590 anime
818 3534 882 3591 sult-

91 3609 165 3666 ditur
178 3626 259 3681 earo,
274 3626 373 3686 quanto
394 3618 477 3688 magis
495 3618 623 3676 aduersus
645 3622 767 3693 spirltum
786 3640 884 3681 concn-

92 3699 180 3770 plscit.
196 3702 326 3771 Quamdiu
340 3721 405 3776 crgo
418 3707 494 3764 nubis
509 3709 578 3766 inest
589 3711 646 3769 baec
658 3712 810 3783 infirmitas,
826 3717 883 3772 brec

92 3795 194 3863 pestis,
209 3793 253 3850 bic
267 3795 387 3869 languor,
404 3803 537 3871 quomodo
556 3819 605 3861 nos
623 3805 678 3875 jara
694 3807 799 3875 salvom
813 3817 840 3866 et
860 3811 883 3866 si

91 3885 211 3940 nondum
225 3886 323 3957 salros,
338 3892 472 3962 quomodo
482 3893 538 3964 jam
548 3895 640 3952 beatos
655 3897 699 3954 illa
715 3898 786 3955 dnali
797 3900 882 3959 berti·

92 3975 185 4033 tudine
195 3977 285 4035 elicere
296 3981 471 4039 audebimus?
486 3986 544 4041 lam
559 4003 622 4043 rero
636 3988 679 4044 itta
692 3991 791 4060 uirtus,
807 3992 883 4065 cujus

92 4080 190 4122 nomen
205 4077 245 4123 est
259 4069 403 4141 fortitudo,
417 4072 444 4128 in
457 4085 670 4150 quantacumque
682 4079 811 4152 sapientia
826 4083 883 4139 cul·

92 4157 247 4214 dentissima
257 4163 332 4218 testis
345 4173 385 4218 est
397 4165 571 4223 bumanorum
585 4170 726 4239 ntalorunt,
738 4189 797 4244 quat
809 4189 883 4232 eom·

92 4250 202 4320 pellitur
211 4252 338 4323 patientia
351 4256 473 4313 tolerare.
484 4256 549 4327 Quae
560 4261 627 4316 mala
639 4261 721 4318 Stoici
732 4262 883 4335 philosophi

93 4343 177 4399 miror
190 4360 241 4416 qua
260 4347 346 4403 ironte
365 4349 434 4404 mala
448 4365 501 4404 non
519 4365 579 4406 esse
596 4353 774 4423 contendant,
788 4356 883 4428 quibus

92 4433 218 4497 latentur.
233 4436 255 4491 si
272 4446 344 4492 tanta
358 4436 472 4504 inerint,
490 4448 560 4496 ntea
576 4443 682 4513 sapiens
694 4445 736 4500 rel
755 4460 809 4501 non
823 4462 884 4519 pos-

92 4525 145 4593 sit,
161 4526 201 4581 rul
215 4542 269 4583 nun
291 4527 387 4584 debeat
399 4531 547 4596 sustinere,
560 4533 618 4604 cogi
634 4548 694 4589 euru
713 4545 826 4594 mortem
845 4540 883 4596 si·

93 4617 177 4676 bimet
188 4621 298 4688 inierre,
310 4632 389 4694 atque
401 4640 434 4678 ex
445 4623 493 4680 bac
507 4626 559 4680 rita
574 4627 705 4699 emigrare
721 4628 767 4704 (ι).
782 4631 883 4690 Tantus

93 4718 183 4766 autem
202 4714 334 4784 superbiae
353 4725 446 4785 stupor
461 4723 501 4770 est
516 4716 540 4769 in
557 4715 598 4771 bis
609 4715 780 4786 bonrinibus,
800 4722 844 4778 bic
854 4738 884 4782 se

95 4801 194 4858 trabere
215 4803 295 4860 inem
316 4804 378 4860 bonl
394 4813 422 4862 ct
439 4821 454 4860 a
473 4821 503 4861 se
516 4807 579 4877 ipsis
598 4806 655 4863 lieri
677 4809 771 4866 beatus
787 4822 883 4883 pintan·

95 4894 183 4959 tibus;
199 4904 228 4950 ut
247 4895 354 4968 sapiens
365 4913 477 4964 eurum,
499 4896 549 4953 buc
570 4908 630 4964 cst,
642 4902 747 4970 qualem
769 4904 883 4962 mirabili

94 4985 211 5040 vanitate
222 4984 393 5055 describunt,
405 4989 508 5044 etiamsi
521 4999 679 5056 execretur,
693 4991 883 5064 obsurdescat,

95 5075 273 5143 obmutescat,
286 5079 412 5136 membris
424 5081 585 5148 debilitetur,
598 5082 732 5140 doloribus
741 5087 883 5156 crucietur,

95 5176 122 5223 et
136 5167 158 5221 sl
172 5166 236 5236 quid
248 5167 319 5221 uliud
332 5168 422 5223 talium
434 5170 563 5226 malorum
584 5172 637 5228 diei
650 5183 694 5228 aut
714 5174 823 5245 cogitari
834 5192 885 5250 pn·

96 5267 159 5324 test,
174 5256 272 5312 irrddat
283 5259 310 5312 ln
320 5272 390 5325 eum,
402 5274 455 5329 quo
468 5261 518 5316 sibi
531 5274 644 5319 mortem
655 5275 764 5335 erigatur
774 5266 883 5337 interro,

136 5435 166 5570 ¹ii
176 5435 735 5561 iliari⁰iii’ei'lii²ln”iiidr¹liiribibl‚iit
744 5504 777 5555 ue
793 5511 886 5559 rusum

97 5571 124 5612 et
131 5572 207 5622 rure:
223 5566 365 5622 «Perpetua
377 5567 403 5609 et
419 5568 531 5610 coarctans
551 5563 661 5615 uoluntas
681 5578 725 5615 sua
742 5568 885 5633 cuiquetri·

99 5640 114 5672 c
124 5621 222 5672 bustam.
232 5638 244 5668 r
254 5628 378 5678 comeus

98 5683 240 5798 ¹wgtlutpud
250 5686 399 5744 ciceronem,
411 5679 482 5734 libb
498 5682 530 5735 de
546 5685 651 5746 tinibus,
664 5695 689 5740 et
700 5687 743 5740 lib.
766 5693 775 5742 l
798 5701 884 5754 quast.

680 311 779 369 ttoEtt
798 306 944 365 DEClblUS
961 308 1083 368 bonus,

1663 310 1715 368 sse

932 423 998 480 barac
1012 425 1039 480 in
1053 425 1093 480 tis
1106 426 1182 482 malis
1193 427 1272 483 ritum
1285 428 1465 496 constitutam,
1476 443 1522 484 eos
1532 442 1585 483 non
1599 427 1715 498 pudeat·

929 518 1032 572 beatam
1055 533 1160 575 uocare.
1183 521 1205 575 0
1226 520 1306 574 uitam
1331 520 1453 587 beatum,
1468 536 1527 591 quar
1541 528 1570 575 ut
1590 518 1713 587 natatur,

929 609 1022 662 ntortis
1038 609 1134 678 querit
1154 605 1300 665 auxilium!
1322 608 1351 665 Si
1364 610 1440 665 beata
1461 617 1518 675 est,
1532 618 1668 665 maneatur
1687 608 1715 665 Ιιι

928 713 959 754 ea
972 717 978 753 :
995 699 1018 754 si
1032 714 1096 755 reru
1109 709 1218 770 propter
1231 701 1281 758 ista
1296 700 1365 755 mala
1378 699 1474 771 lugltur
1483 700 1517 756 ab
1527 716 1570 766 ea,
1582 699 1717 772 quomodo

929 799 970 844 est
983 788 1079 846 beata?
1093 792 1145 847 but
1157 793 1167 824 ¹
1181 790 1315 862 quomodo
1333 791 1384 847 ista
1397 805 1450 846 non
1472 800 1535 847 snm
1555 792 1641 857 mala,
1656 806 1718 861 queo

930 880 1207 937 rincuntlurtitudinis
1221 881 1337 947 bunum,
1350 881 1524 952 eamdemque
1535 881 1716 939 tortitudinem

930 986 983 1025 nnn
996 971 1083 1026 solunt
1103 972 1154 1028 sibi
1166 972 1279 1039 cedere,
1295 987 1388 1028 rerum
1407 973 1488 1027 etiam
1507 971 1620 1028 delirare
1640 987 1716 1027 cont·

930 1062 1048 1132 pellunt,
1064 1072 1095 1118 ut
1107 1063 1229 1118 eamdem
1246 1063 1369 1118 vitamet
1387 1062 1459 1118 dicat
1471 1062 1595 1129 bertam,
1608 1071 1636 1119 et
1654 1077 1719 1134 per·

929 1152 1037 1210 suadeat
1051 1169 1110 1210 esse
1123 1154 1293 1224 largiendam?
1304 1154 1370 1220 Quis
1383 1168 1466 1224 usque
1481 1152 1548 1209 adeo
1567 1167 1652 1208 cecus
1664 1159 1718 1220 cst,

930 1256 959 1302 ut
982 1262 1034 1303 non
1058 1246 1242 1318 uideatqnod,
1268 1245 1290 1301 si
1313 1246 1389 1302 beata
1413 1255 1496 1311 esset,
1518 1245 1639 1315 largienda
1662 1260 1718 1301 non

930 1338 1019 1393 essctl
1033 1335 1088 1394 Sed
1106 1338 1129 1392 si
1142 1346 1259 1409 propter.
1272 1337 1431 1392 inlirmitatis
1445 1336 1561 1408 pondus,
1575 1350 1626 1406 qua
1654 1351 1716 1406 pre-

931 1430 1022 1494 mitur,
1037 1427 1105 1483 bane
1128 1427 1420 1499 lugiertdarnlatentrrr;
1444 1426 1507 1497 quid
1526 1426 1606 1497 igitur
1630 1440 1718 1482 causre

931 1531 972 1579 est
981 1521 1003 1591 ⁸,
1017 1537 1065 1577 eur
1078 1537 1131 1577 trun
1145 1522 1225 1578 etiam
1240 1523 1364 1576 miseram
1376 1519 1459 1576 lraeta
1474 1518 1604 1590 superbiae
1615 1517 1720 1575 ceruice

931 1612 1084 1668 fateantur?
1098 1611 1202 1681 Utrum,
1217 1611 1338 1674 obsecro,
1350 1610 1417 1666 Cato
1430 1611 1476 1667 illc
1486 1610 1524 1682 (u)
1536 1608 1670 1679 patientia,
1684 1622 1720 1664 aa

931 1703 1018 1776 potius
1028 1703 1191 1774 impatientia
1203 1718 1233 1759 se
1242 1702 1372 1774 peremit?
1382 1701 1440 1757 Non
1452 1700 1523 1757 enim
1535 1700 1585 1754 boe
1599 1698 1717 1762 lecisset,

932 1795 982 1851 nisi
1002 1795 1139 1850 uictoriam
1164 1793 1276 1851 Caesaris
1295 1792 1463 1864 impatienter
1486 1791 1599 1846 tulisset.
1616 1789 1664 1846 Ubi
1677 1797 1720 1844 est

931 1885 1073 1942 lurtitudo?
1096 1885 1198 1956 Nempe
1217 1884 1313 1952 cessit,
1332 1898 1428 1955 nempe
1446 1880 1602 1946 succubuit,
1623 1894 1721 1948 nempe

932 1976 1094 2049 usqueadeo
1107 1986 1232 2048 mpernta
1252 1985 1309 2040 est,
1325 1984 1355 2031 ut
1380 1975 1461 2030 ritant
1479 1972 1583 2028 beatam
1602 1970 1721 2026 derelin·

931 2080 1039 2142 queret,
1055 2068 1208 2135 desereret,
1228 2068 1339 2138 ingeret.
1357 2067 1397 2121 ,ln
1419 2080 1472 2120 nun
1484 2074 1541 2119 erat
1553 2063 1607 2133 jam
1628 2061 1724 2116 beata?

932 2161 1028 2218 llisera
1049 2175 1114 2231 ergo
1134 2169 1201 2215 crat.
1223 2157 1361 2227 Quonmdu
1384 2156 1463 2226 igitur
1480 2154 1549 2210 mala
1568 2168 1622 2208 non
1643 2160 1721 2208 erant

932 2266 992 2320 qnae
1007 2250 1087 2305 ritant
1102 2249 1225 2305 miseram
1242 2245 1444 2319 lugiendamqne
1458 2243 1607 2299 iaciebant?

967 2342 994 2398 5.
1008 2341 1175 2413 Quapropter
1193 2341 1273 2397 etiam
1289 2338 1350 2410 ipsi,
1364 2338 1407 2409 qni
1427 2336 1496 2395 mala
1517 2336 1566 2392 ista
1581 2349 1642 2390 esse
1654 2349 1720 2390 errr-

933 2432 996 2490 iessi
1005 2441 1077 2499 sunt,
1089 2433 1159 2488 sieut
1170 2429 1349 2502 Peripatetici,
1360 2430 1429 2485 sicut
1440 2435 1545 2488 ueteres
1557 2425 1721 2494 Academici,

933 2539 1047 2596 quorum
1063 2531 1162 2579 sectam
1176 2521 1260 2578 Varro
1278 2520 1412 2585 delendit,
1429 2517 1595 2575 tolerabilius
1612 2515 1719 2588 quidem

932 2616 1076 2687 lequuntur
1090 2633 1098 2671 a
1112 2613 1161 2672 sed
1174 2629 1267 2671 eorum
1283 2628 1388 2684 quoque
1400 2613 1483 2666 mirus
1494 2617 1636 2675 esterror,
1649 2605 1727 2678 quod-

933 2707 960 2764 ιιι
973 2707 1116 2774 hiemalis,
1131 2707 1181 2764 etsi
1196 2715 1251 2763 ιιιιι
1265 2706 1354 2777 grauia
1367 2705 1438 2768 sint,
1456 2711 1486 2759 ιι
1499 2713 1585 2758 morte
1597 2697 1725 2771 fugiendo

932 2799 1003 2865 siut,
1016 2799 1051 2854 ab
1064 2798 1123 2870 ipso
1141 2798 1249 2855 sibimet
1269 2797 1356 2862 illata,
1368 2794 1412 2866 qui
1434 2793 1492 2850 base
1513 2792 1626 2864 petitur,
1639 2790 1726 2846 ritant

933 2892 1038 2948 beatam
1051 2899 1140 2947 tamen
1153 2905 1214 2947 esse
1227 2886 1476 2946 contenduntlluir
1485 2894 1553 2953 mat,
1563 2883 1657 2954 inquit.
1667 2892 1724 2937 tur·

933 2998 1018 3040 meatu
1029 2992 1104 3055 utqrte
1122 2983 1249 3037 crucietur
1261 2981 1374 3052 corporis
1385 2995 1395 3044 ,·
1408 2987 1431 3033 et
1452 2985 1521 3032 tanto
1534 2985 1594 3032 sunt
1612 2976 1702 3046 peiora
1711 3014 1724 3040 ,

933 3084 1025 3147 quanto
1031 3068 1469 3146 potueriatarenrujormquibmut
1478 3065 1724 3132 curcuaeairucritu

934 3165 1134 3238 inpenderunt.
1143 3158 1471 3232 Quarlttmbsccroillae,
1480 3154 1725 3228 inquit,quretantis

934 3267 1091 3329 aggravatur
1104 3256 1189 3311 ruatis
1204 3253 1283 3310 Certe
1292 3266 1356 3323 ergo
1365 3250 1441 3306 beata
1455 3248 1535 3305 estin
1547 3245 1648 3303 eisdem
1659 3244 1724 3315 ipsis

935 3350 1026 3413 nralis.
1051 3356 1230 3421 propterque
1250 3343 1317 3400 dieis
1330 3356 1391 3399 esse
1412 3337 1584 3410 lugiendaml
1599 3337 1639 3392 na
1661 3334 1725 3391 ideo

934 3443 1039 3498 beatam
1050 3439 1134 3504 dieis,
1147 3436 1208 3508 quia
1228 3434 1290 3490 licet
1302 3432 1349 3488 tibi
1370 3431 1404 3486 ab
1418 3429 1460 3485 bis
1474 3427 1551 3484 ruralis
1569 3433 1656 3481 nrorte
1668 3422 1725 3480 dis·

934 3530 1048 3589 cedere?
1061 3528 1129 3598 Quid
1145 3528 1168 3584 sl
1180 3540 1245 3597 ergo
1261 3525 1288 3581 in
1304 3524 1344 3581 eis
1357 3521 1445 3592 aliquo
1460 3518 1560 3590 judicio
1579 3514 1670 3572 diuino
1682 3522 1724 3570 te·

934 3621 1047 3687 cereris,
1059 3634 1109 3674 nec
1122 3615 1314 3688 permittereris
1326 3614 1403 3676 niori,
1414 3626 1463 3666 nec
1474 3623 1588 3680 unquam
1600 3606 1659 3662 sine
1670 3603 1726 3663 iltis

935 3729 995 3770 esse
1008 3710 1135 3768 sinereris
1148 3707 1178 3764 *t
1189 3707 1290 3777 llempe
1309 3713 1372 3761 tunc
1392 3703 1485 3760 saltem
1504 3699 1629 3754 uriserum
1643 3696 1724 3772 talem

934 3805 1039 3860 diceres
1052 3801 1143 3856 uitam.
1156 3797 1215 3854 Non
1234 3797 1314 3867 igitur
1333 3803 1472 3865 propterea
1487 3788 1584 3845 misera
1598 3794 1724 3853 nonest,

935 3895 996 3965 quia
1016 3893 1071 3951 cite
1093 3888 1271 3961 relinquitur:
1291 3882 1505 3956 quandoquidem
1525 3881 1548 3936 si
1563 3878 1725 3950 serrapiterna

935 3990 979 4054 sit,
995 3986 1076 4043 etiam
1095 3985 1144 4041 abs
1160 3990 1186 4039 te
1198 3983 1255 4053 ipso
1276 3980 1372 4035 misera
1393 3975 1536 4048 judicatur.
1558 3971 1616 4026 llnn
1636 3971 1726 4040 itaque

935 4088 1093 4149 propterea,
1106 4073 1230 4146 quoniam
1253 4070 1340 4126 brevis
1355 4077 1411 4134 cst,
1427 4064 1500 4122 nulla
1519 4062 1626 4118 miseria
1644 4059 1726 4117 debet

934 4168 1019 4225 uideri
1030 4185 1038 4235 ;
1051 4175 1114 4233 aut,
1125 4163 1196 4236 quod
1215 4170 1257 4218 cst
1268 4159 1425 4225 absurdius,
1441 4157 1502 4228 qnia
1515 4153 1603 4210 breuis
1617 4152 1725 4209 ntiseria

935 4269 987 4327 est,
1003 4259 1064 4316 ideo
1077 4257 1157 4316 etiam
1176 4252 1311 4311 beatitudo
1326 4249 1463 4323 appellari.
1477 4247 1569 4319 llagna
1584 4246 1624 4300 ris
1637 4252 1680 4300 est
1697 4244 1726 4299 ιιι

935 4352 975 4408 cis
982 4349 1069 4417 mulis,
1080 4363 1139 4420 quoe
1147 4356 1245 4418 cogunt
1254 4344 1400 4410 bominem,
1408 4339 1554 4397 secundum
1565 4339 1636 4409 ipsos
1644 4336 1724 4392 etiarn

936 4443 1099 4514 sapientem,
1113 4440 1220 4495 sibimet
1231 4434 1337 4492 aulcrre
1349 4433 1419 4504 quod
1436 4432 1517 4489 bomo
1528 4442 1571 4488 est
1584 4450 1591 4486 a
1606 4445 1668 4485 eum
1683 4427 1724 4482 di·

935 4543 1015 4602 cant,
1035 4543 1063 4590 et
1082 4547 1175 4591 rerum
1194 4531 1300 4597 dicant,
1318 4528 1388 4584 bane
1407 4541 1467 4583 essu
1490 4533 1593 4582 naturae
1612 4521 1725 4592 primam

936 4624 1133 4700 quodammodo
1146 4633 1174 4682 et
1189 4623 1330 4680 anaximaut
1347 4633 1451 4684 uocem,
1463 4625 1492 4672 ιι
1504 4616 1584 4670 Ιιοιιιο
1598 4609 1727 4668 condile-

937 4731 980 4778 tur
995 4719 1063 4788 sibi,
1078 4728 1106 4775 et
1119 4726 1260 4790 propterea
1274 4720 1388 4770 mortem
1403 4707 1558 4766 naturaliter
1571 4703 1674 4776 iugiat;
1688 4700 1727 4761 itu

936 4814 988 4873 sibi
1001 4813 1114 4882 amicus,
1126 4821 1155 4868 ιι
1167 4824 1228 4868 esse
1240 4822 1271 4866 se
1281 4805 1390 4871 anirnal,
1400 4812 1428 4860 et
1440 4802 1466 4858 in
1478 4801 1528 4856 bac
1538 4796 1727 4868 corrjunctions

937 4908 1057 4980 corporis
1075 4915 1155 4977 enque
1175 4904 1273 4959 animae
1292 4899 1383 4954 rivere
1401 4895 1479 4960 uelit,
1501 4891 1728 4960 vehementerque

937 4999 1056 5072 appetat·
1073 4995 1121 5070 (i).
1136 4996 1230 5067 llagna
1244 4992 1285 5048 ris
1301 4999 1344 5046 est
1359 4990 1386 5044 in
1400 4986 1440 5044 eis
1451 4983 1546 5050 malis,
1560 4980 1656 5053 quibus
1676 4978 1729 5037 isto

969 5113 980 5206 i
995 5105 1345 5225 ouiiirieiutinssiniaeiiiiriiiiuut,
1356 5161 1379 5215 si
1389 5173 1444 5213 uero
1454 5162 1552 5225 proper
1560 5157 1607 5209 istu
1617 5153 1683 5206 muta

938 5236 1003 5299 ιιιιιιν
1018 5233 1049 5284 ub
1060 5247 1099 5294 eu,
1117 5228 1236 5295 quomedo
1251 5234 1286 5278 ert
1299 5225 1367 5277 beuta
1377 5224 1389 5275 l
1401 5228 1445 5273 Ant
1458 5233 1468 5273 .·
1479 5227 1592 5284 postque,

938 5287 1402 5418 ιιιιιιιιιιιιιιι
1412 5276 1730 5409 taum

939 5432 993 5472 rece
1004 5417 1143 5481 {mendum
1154 5416 1259 5478 [meritur
1274 5409 1352 5481 :eata
1361 5407 1435 5482 leigun
1447 5417 1527 5458 rinae
1536 5410 1581 5457 est.

970 5487 982 5513 ι
997 5471 1049 5531 cota
1059 5479 1133 5530 editio
1143 5485 1197 5527 ιιι.
1219 5480 1295 5527 nrerte
1304 5484 1425 5523 sinerent.

969 5546 980 5578 ⁸
997 5548 1095 5602 tnttss,
1106 5537 1161 5591 uelit
1169 5511 1317 5590 ucinmertter
1327 5541 1399 5599 utque
1409 5534 1513 5597 uppctut.

970 5629 1008 5754 iii
1018 5632 1237 5748 natalieiitiliiliisisile
1248 5682 1342 5746 officiis,
1353 5692 1406 5744 cap.
1419 5678 1443 5743 l,
1462 5685 1488 5731 et
1503 5666 1727 5734 mutuamina

940 5767 994 5820 etp·
1003 5753 1030 5820 b';
1040 5750 1083 5803 lib.
1092 5749 1117 5816 5,
1125 5760 1177 5815 cap.
1186 5748 1212 5801 tt.
