3900 6390
90 268 137 325 our
535 240 538 244 ι
741 281 839 339 maen
860 285 1052 347 vtcustuus

88 381 178 436 talium
194 381 306 442 lateant:
327 400 387 441 curn
407 397 493 444 tamen
511 391 538 444 in
558 390 607 446 bac
623 407 652 447 re
672 393 774 461 piorum
793 395 872 453 sidem

88 486 140 524 uun
154 472 244 539 lateat,
255 473 353 544 iustum
366 492 425 532 esse
438 478 507 548 quod
521 481 593 535 latet.

87 581 200 637 CAPUT
219 583 262 638 ιΙΙ.
278 614 313 624 -
326 585 394 651 Quid
410 588 437 642 in
453 589 516 643 libro
531 589 681 646 Ecclesiaste
699 591 821 648 Salomon
838 593 873 651 tls

124 673 162 727 bis
174 691 230 746 qua
244 677 269 730 in
282 678 330 732 bac
344 679 395 733 ut'ta
409 691 431 734 et
444 681 515 737 bonis
527 692 550 737 et
560 682 635 738 malis
648 694 706 739 suut
719 688 871 752 communia,

122 764 266 835 disputarit.

123 875 224 946 Nempe
233 877 368 948 Salomon,
382 884 593 954 sapientissimus
606 903 653 942 rex
669 888 758 954 lsrael,
772 889 817 960 qui
828 905 872 946 re·

86 966 176 1034 gnavit
190 966 216 1021 in
229 966 386 1036 Jerusalem,
402 973 498 1029 librum
510 976 554 1044 qui
567 986 674 1031 vocatur
685 977 871 1046 Ecclesiastes,

86 1064 114 1108 et
127 1054 249 1111 aludauis
261 1073 365 1130 quoque
379 1061 492 1118 babetur
505 1066 530 1119 ia
545 1082 679 1123 sacrarum
700 1084 803 1124 canone
817 1069 873 1124 bit·

86 1157 212 1215 terarum,
224 1150 263 1205 sic
274 1167 388 1210 exorsus
400 1167 456 1209 est:
474 1153 578 1230 Venitne
596 1161 762 1216 vanitantium
774 1164 793 1228 ¹,
807 1163 872 1216 disit

87 1238 247 1296 Ecclesiastes
253 1259 263 1309 ,·
274 1245 371 1300 vanitas
380 1248 554 1315 vanitantium,
563 1261 585 1304 tt
596 1254 680 1306 ontstia
691 1257 797 1308 vanitas.
809 1257 872 1323 Qua

87 1332 181 1386 bomini
193 1333 346 1390 abnndantia
358 1338 384 1391 iu
399 1341 466 1393 omni
485 1341 570 1395 labore
582 1360 638 1409 suo,
653 1362 703 1416 quo
716 1346 812 1401 laborat
826 1346 870 1401 snb

85 1424 138 1478 sole
149 1422 247 1497 (Eccle.
260 1443 278 1491 t,
292 1428 342 1482 iet
352 1428 398 1498 3)t
410 1431 511 1486 Etcum
521 1434 615 1489 exltac
629 1438 758 1492 sententia
769 1452 870 1493 eonne-

86 1523 171 1570 uteret
194 1525 299 1583 cetera,
325 1533 537 1579 commemorans
559 1540 692 1580 erumnas
712 1543 871 1598 erroresque

85 1602 148 1656 tite
161 1603 249 1672 bttjus,
261 1617 288 1661 et
303 1621 476 1666 vanescentes
491 1613 591 1668 interea
608 1625 756 1683 temporum
769 1617 868 1685 lapsus,

85 1694 130 1747 trbi
146 1695 210 1749 uiltil
223 1697 345 1766 solidum,
361 1701 426 1755 nibil
441 1704 535 1759 stabile
545 1706 688 1772 retinetur;
703 1710 727 1763 iu
741 1725 870 1767 earerurtt

85 1786 200 1842 vanimte
213 1789 263 1843 sub
277 1791 342 1856 sole,
359 1793 423 1847 illud
438 1796 518 1848 etiarn
532 1796 651 1866 deplorat
664 1798 868 1868 quodammodo,

84 1879 430 1947 quodcumsitabundautia
443 1888 578 1956 sapientire
592 1903 672 1958 super
683 1891 868 1961 insipientiam,

84 1970 154 2024 sieut
175 1971 335 2029 abnndantia
357 1976 424 2032 lueis
445 1993 526 2048 super
545 1981 676 2045 tenebras,
692 1985 871 2054 sapientisque

84 2062 154 2116 oculi
166 2062 221 2118 siut
233 2065 260 2119 in
272 2067 359 2136 capite
372 2069 466 2138 ipsius,
482 2081 509 2125 et
523 2073 619 2127 stultus
638 2075 664 2129 in
687 2079 803 2131 tenebris
813 2093 871 2132 am·

85 2155 170 2221 bulen
186 2174 254 2213 uuus
265 2174 351 2216 tanten
367 2163 487 2218 incursus
501 2165 617 2221 incurrat
628 2169 751 2225 otnnibus
770 2170 824 2240 (ld.
840 2188 868 2237 ιι,

85 2247 130 2315 ιδ,
142 2247 198 2316 ιι),
210 2249 300 2319 utique
312 2252 338 2305 in
352 2251 402 2307 hac
413 2254 465 2307 vita
480 2271 538 2324 qum
549 2257 598 2311 sub
607 2259 663 2313 sule
676 2259 777 2328 agitur:
789 2263 870 2331 sigui-

84 2340 166 2393 licans
180 2341 300 2397 videlicet
312 2359 343 2398 ea
356 2345 434 2410 mala,
448 2362 507 2416 quaa
523 2347 599 2401 bonis
619 2359 645 2403 et
660 2351 735 2406 trtctlis
749 2352 870 2408 videmus

83 2445 143 2484 esse
161 2434 320 2487 communia.
342 2435 411 2489 Dicit
434 2438 513 2491 etiam
535 2438 610 2503 illud,
623 2441 692 2509 quod
706 2450 733 2496 et
745 2441 808 2497 boni
823 2459 869 2514 pa·

84 2522 182 2576 tiantur
196 2524 274 2587 mala,
297 2534 420 2596 tanquam
442 2529 503 2582 mali
526 2531 589 2597 sint,
612 2541 639 2586 et
661 2535 723 2588 mali
745 2544 870 2606 tanquam

83 2612 145 2666 birni
156 2614 218 2677 siut,
232 2615 411 2686 adipiscantur
421 2619 500 2689 bona,
512 2621 549 2677 ita
561 2624 686 2693 loquens:
702 2626 758 2692 Est,
773 2628 868 2699 iuquit,

82 2706 188 2768 vanitas,
199 2713 328 2779 quaefacta
336 2718 370 2762 est
378 2728 455 2780 super
465 2723 572 2780 terram;
582 2718 640 2784 quia
649 2719 785 2790 nuntiasti,
794 2738 872 2793 super

82 2812 145 2865 quos
157 2799 223 2851 uenit
235 2798 299 2852 sicut
313 2803 408 2869 [actum
420 2803 571 2872 impiorunt,·
591 2816 614 2859 et
630 2818 686 2861 sunt
700 2810 781 2877 impii,
795 2828 870 2882 super

81 2903 145 2955 quos
159 2889 223 2942 vetit
242 2889 306 2943 sicut
327 2895 422 2960 [actum
440 2895 577 2964 justorum.
601 2896 662 2952 Dici
683 2902 801 2967 quoniam
822 2903 870 2956 ltoc

83 2997 181 3049 quoque
201 2983 298 3036 vanitas
322 2983 377 3054 (ld.
393 3002 449 3052 vuv,
474 2989 529 3058 ll).
551 2987 579 3043 ln
605 2990 655 3045 bac
674 2994 799 3058 vanitate,
813 2995 868 3062 eui,

81 3082 209 3140 quantum
230 3076 296 3129 satis
310 3077 394 3130 visum
413 3090 464 3144 est,
481 3081 632 3136 intiutandae
647 3093 729 3137 totum
745 3086 824 3140 istum
836 3086 870 3143 li·

81 3165 160 3219 brum
181 3165 222 3220 vir
242 3168 453 3236 sapientissimus
474 3172 624 3241 deputavit,
646 3191 699 3229 noa
722 3177 813 3247 utique
833 3180 869 3236 ob

81 3256 162 3317 aliud,
178 3259 228 3311 nisi
244 3268 272 3312 ut
286 3275 344 3314 earn
356 3262 436 3315 vitam
449 3261 639 3329 desideremus,
656 3282 715 3336 quau
727 3269 868 3325 vanitatem

81 3351 230 3405 nonhabet
249 3351 298 3405 sub
321 3352 372 3407 boc
391 3354 458 3419 sule,
474 3355 521 3409 sed
535 3357 677 3412 veritatem
697 3358 746 3413 sub
765 3359 809 3414 illo
823 3361 869 3430 qui

81 3438 145 3494 lecit
159 3438 228 3493 ltune
241 3439 324 3494 solem
336 3458 343 3494 :
357 3441 383 3495 in
394 3441 444 3497 hac
454 3458 518 3514 erqo
535 3446 659 3512 vanitate,
675 3448 803 3517 numquid
818 3449 869 3504 nisi

80 3529 153 3599 justo
163 3528 208 3584 Dei
222 3540 346 3599 rectoque
356 3531 456 3601 judicio
465 3534 559 3588 similis
567 3536 653 3590 eidem
664 3538 772 3591 vanitati
784 3536 868 3596 lactus

81 3628 236 3674 rattesccret
249 3620 348 3675 bomo?
364 3621 391 3675 ln
407 3623 500 3679 diebus
514 3633 601 3679 tamen
621 3626 744 3680 vanitatis
756 3643 811 3682 suae
826 3629 868 3683 in·

81 3717 164 3763 terest
177 3710 329 3779 plurimum,
341 3722 428 3767 utrum
442 3716 557 3780 resistat,
571 3731 604 3770 aa
619 3717 783 3786 obtemperet
795 3720 869 3775 veri·

80 3799 139 3864 tati,
151 3808 178 3853 et
199 3810 286 3855 utrum
305 3803 340 3856 sit
352 3817 449 3872 expers
461 3821 529 3860 verca
544 3807 659 3877 pietatis,
673 3823 705 3861 an
720 3810 867 3880 particeps:

79 3905 134 3945 nou
149 3901 255 3960 propter
268 3893 329 3948 vitm
344 3893 422 3964 liujus
435 3896 476 3952 vel
485 3897 554 3952 bona
565 3898 734 3968 acquirenda,
744 3900 786 3955 vel
800 3902 868 3956 mala

79 3984 186 4038 vitanda
199 3985 365 4041 vanescendo
379 3989 541 4043 transeuntia
551 4006 558 4054 ;
570 3990 617 4045 sed
631 4002 738 4061 propter
752 3990 867 4048 laturum

78 4074 218 4144 judicium,
232 4093 280 4147 per
291 4079 361 4147 quod
374 4088 452 4135 erunt
461 4091 488 4135 et
501 4081 578 4136 bonis
592 4083 672 4146 bona,
687 4092 715 4138 et
727 4085 868 4140 malisma·

80 4166 117 4231 la,
134 4167 192 4223 sine
204 4167 256 4223 line
269 4184 403 4224 mansura.
420 4171 539 4242 benique
553 4173 602 4227 iste
616 4174 723 4242 sapiens
745 4176 815 4231 bunc
836 4176 868 4231 li·

78 4256 157 4310 braun
170 4257 208 4312 sic
222 4259 361 4326 conclusit,
377 4270 407 4315 ιιι
421 4261 532 4328 diceret,
545 4262 625 4317 licum
636 4265 704 4330 time,
716 4275 739 4319 et
749 4267 868 4322 truanduta

79 4348 135 4410 eius
148 4348 263 4413 cttstodi;
276 4353 333 4418 quia
347 4352 394 4404 ltoc
408 4361 443 4405 est
458 4354 539 4407 omnis
553 4354 627 4408 bomo
637 4370 646 4408 .·
658 4357 718 4426 quia
736 4373 809 4411 ouante
821 4359 868 4413 boe

45 4446 48 4449 “
79 4456 144 4508 optas
159 4438 227 4495 Deus
242 4441 349 4496 adducet
362 4444 387 4495 in
397 4444 523 4515 judicium
537 4445 563 4498 in
587 4447 656 4500 ontni
669 4447 800 4517 despecto,
818 4449 869 4503 siae

79 4532 181 4598 braun,
202 4535 252 4587 sioe
266 4534 361 4587 malum
376 4534 430 4609 ild.
445 4551 492 4598 ιιι,
509 4537 553 4599 ιδ,
579 4537 634 4609 ιι).
657 4537 725 4605 Quid
747 4540 866 4605 brevius,

61 4618 180 4690 'verius,
195 4625 326 4680 salubrius
347 4625 397 4681 dici
413 4628 515 4697 potuit?
538 4628 628 4692 deum,
652 4630 746 4700 iuquit,
761 4632 828 4697 time,
844 4640 869 4685 et

79 4714 200 4769 mundato
212 4717 268 4788 ejus
281 4718 395 4782 custodi,·
408 4720 466 4787 quin
481 4719 528 4773 ltoc
546 4728 582 4774 est
597 4722 776 4777 omnishomo.
801 4721 867 4789 Qui·

79 4821 193 4876 eumque
207 4809 278 4862 enim
289 4817 339 4873 est,
351 4809 402 4863 boc
414 4821 464 4875 est,
480 4821 569 4865 eustos
582 4811 671 4880 utique
684 4812 867 4868 tnandatorum

80 4896 279 4967 beitqnoniam
294 4902 338 4970 qui
355 4900 405 4956 boc
420 4917 471 4957 trun
494 4912 544 4967 est,
571 4903 635 4956 nibil
657 4911 707 4958 est.
724 4903 781 4959 Non
796 4906 867 4960 enim

78 4987 244 5044 adventatis
259 4991 399 5061 intaqinem
416 4992 583 5057 reformatur,
598 4986 740 5050 reuvaneus
754 4995 780 5050 in
793 4997 868 5052 simi·

79 5076 191 5133 litudiue
214 5082 345 5135 vanitatis.
371 5083 437 5149 Quia
457 5100 530 5137 omne
547 5084 680 5155 hocopus,
695 5086 868 5157 idest,quod

78 5170 113 5222 ab
126 5168 235 5224 homine
257 5171 285 5224 lit
307 5173 333 5226 iu
356 5172 405 5228 ltac
428 5175 491 5241 vita,
506 5176 557 5229 siue
579 5176 681 5241 bonum,
696 5177 865 5245 sioemalnm,

78 5261 148 5317 licus
160 5262 266 5316 adducet
280 5266 307 5316 iu
324 5264 460 5334 judicium,
474 5269 500 5320 in
514 5268 582 5320 ontrri
597 5269 724 5337 despecto,
737 5269 761 5323 iu
775 5279 825 5336 est,
841 5271 867 5326 in

78 5354 151 5408 omui
170 5354 249 5407 etiam
270 5354 314 5423 qui
332 5357 538 5426 contemptibilis
561 5357 604 5413 lric
623 5359 736 5424 videtur,
758 5368 786 5415 et
807 5359 867 5417 idco

78 5459 128 5499 nec
144 5444 264 5498 videtur:
278 5442 403 5514 quoniam
417 5445 489 5501 Deus
502 5455 530 5501 et
544 5448 629 5517 ipsum
644 5450 726 5516 videt,
739 5467 789 5506 uec
804 5467 865 5507 eutn

111 5600 119 5630 ¹
132 5598 191 5648 editi
203 5600 241 5650 hic
252 5609 278 5650 et
288 5601 368 5651 statim
385 5613 450 5651 vers.
462 5600 528 5661 eod„
541 5601 678 5655 condatum.
693 5614 719 5655 ιιι
740 5614 794 5658 usa
808 5621 867 5659 cou-

78 5666 171 5770 {¹³ssss
190 5661 288 5724 hainaut,
310 5661 465 5714 omtituntium
497 5664 562 5714 coni.
585 5665 628 5717 lib.
652 5668 788 5732 inausa,
810 5683 864 5734 cap

1662 284 1716 341 bib

929 397 1050 470 despicit,
1065 413 1114 454 nec
1125 413 1185 454 eum
1194 397 1295 468 judicat
1306 397 1432 469 preterit.

926 509 1039 567 cnudi
1059 509 1102 565 ιι.
1111 538 1147 551 -
1160 509 1235 575 Quod
1247 508 1281 564 ud
1292 510 1463 565 disserendum
1478 508 1508 562 do
1528 508 1662 562 novissimo
1668 508 1715 579 ju·

962 600 1028 653 dicio
1041 597 1099 666 Dei,
1117 597 1187 654 Novi
1201 599 1310 668 pmmum
1320 597 1483 661 lecturienti,
1495 614 1525 652 ac
1536 599 1626 652 deinde
1646 597 1719 654 Vate-

963 691 998 747 ris
1012 691 1154 746 testimonia
1166 689 1310 761 prolaturus
1320 690 1362 744 sit.

962 802 1045 872 liujus
1057 802 1146 873 itaque
1163 800 1248 856 ultimi
1264 800 1356 872 judicii
1373 800 1419 856 bei
1433 799 1582 854 testimonia
1594 797 1629 853 dc
1640 797 1716 854 Scri·

926 895 1011 964 pturis
1021 895 1119 949 sanctis
1129 909 1189 964 qua
1200 909 1299 962 vvonere
1313 892 1424 958 institui,
1438 893 1511 962 prius
1522 890 1642 960 eligenda
1652 898 1718 945 sunt

927 987 960 1042 de
975 988 1048 1042 libris
1060 985 1232 1041 instrumenti
1245 985 1321 1051 Novi,
1335 995 1428 1056 postea
1441 984 1476 1039 de
1488 983 1602 1039 Veteris.
1616 982 1718 1051 Quam·

925 1080 966 1133 vis
978 1080 1049 1134 enim
1063 1087 1152 1133 vetera
1167 1079 1254 1147 priora
1267 1077 1321 1132 sint
1335 1087 1464 1145 tempore,
1479 1090 1545 1130 nova
1561 1084 1649 1130 tatrten
1664 1087 1715 1128 an-

927 1169 1076 1239 teponenda
1088 1178 1149 1224 sunt
1158 1169 1300 1238 diguitatm
1315 1166 1439 1236 quoniam
1450 1166 1494 1219 illa
1506 1173 1595 1219 vetera
1611 1179 1715 1233 prectr-

925 1262 967 1316 nia
988 1268 1050 1314 stunt
1072 1275 1210 1315 novorum.
1234 1258 1307 1313 Nova
1321 1258 1404 1328 igitur
1418 1265 1551 1327 ponentur
1563 1259 1643 1326 privs.
1655 1268 1716 1325 quse

924 1365 952 1407 ιιι
968 1353 1068 1407 llrmius
1078 1352 1230 1422 probemus,
1244 1359 1413 1405 assumentur
1423 1359 1450 1404 et
1461 1357 1561 1404 vetera.
1574 1347 1601 1401 lu
1615 1347 1714 1401 vetari·

924 1444 974 1498 bus
986 1444 1117 1498 habentur
1127 1443 1181 1496 Lex
1195 1451 1221 1496 et
1234 1439 1402 1509 crepuerat,
1417 1439 1443 1494 in
1455 1439 1531 1492 novis
1544 1437 1714 1507 Evattqeliunt

924 1544 950 1588 ει
963 1533 1116 1602 apostolice
1124 1532 1240 1588 Littera.
1251 1531 1295 1584 Ait
1305 1539 1392 1585 autem
1406 1528 1558 1599 spuentes,
1573 1526 1624 1580 Per
1634 1527 1716 1596 lepos

923 1627 989 1679 eninr
1003 1625 1111 1694 aequitio
1124 1624 1229 1694 peccati.
1243 1620 1321 1676 Nunc
1332 1631 1414 1675 autem
1428 1621 1483 1674 siue
1493 1618 1654 1689 leqsiustitia
1664 1617 1713 1672 usi

924 1719 1084 1787 ntnnisestata
1097 1725 1142 1781 est,
1159 1715 1290 1783 testificata
1305 1729 1349 1784 per
1358 1711 1450 1783 beqem
1461 1719 1484 1764 et
1503 1709 1661 1777 Proplrttast
1669 1708 1712 1777 itt-

923 1809 992 1862 stitiu
1006 1817 1089 1862 antem
1104 1805 1163 1874 Dei,
1183 1823 1227 1878 pet
1248 1805 1325 1874 fidem
1345 1803 1409 1857 lesu
1421 1801 1517 1857 Christi
1533 1801 1560 1855 iu
1573 1816 1658 1856 omnes
1669 1799 1716 1871 qtti

923 1901 1046 1954 credunt¹
1058 1900 1144 1971 (Rom.
1155 1896 1309 1967 numu-m).
1320 1897 1384 1952 llaec
1393 1895 1494 1965 justitia
1506 1894 1552 1948 Dei
1568 1893 1600 1948 ad
1616 1887 1715 1949 novum

923 1992 1037 2062 pertinet
1057 1991 1266 2051 Testamentum,
1285 1997 1311 2043 et
1325 1986 1508 2042 testimouium
1523 1985 1602 2040 babet
1613 1999 1628 2038 a
1639 1993 1713 2040 vete·

923 2082 996 2137 ribus
1005 2081 1101 2147 Libris,
1118 2081 1169 2136 boc
1182 2091 1232 2146 est,
1248 2095 1263 2133 a
1277 2078 1347 2148 Lege
1360 2086 1388 2133 ει
1398 2076 1551 2147 Prophetis.
1561 2075 1637 2131 Prius
1647 2086 1717 2147 erqo
1811 2077 1816 2084 '

925 2174 981 2241 ipsa
993 2188 1071 2227 causa
1087 2171 1207 2242 ponenda
1220 2181 1270 2238 est,
1282 2178 1308 2226 ει
1320 2181 1411 2241 postea
1424 2178 1506 2224 testes
1517 2167 1710 2224 introducendi.

923 2265 999 2320 llunc
1012 2275 1038 2319 et
1052 2265 1108 2333 ipse
1121 2263 1198 2319 lesus
1210 2261 1332 2317 cbristus
1346 2260 1466 2315 ordinem
1479 2258 1635 2314 servandum
1645 2272 1710 2313 esse

923 2357 1119 2421 demonstraus,
1134 2356 1233 2418 Scriba,
1249 2354 1343 2424 inquit,
1355 2355 1467 2408 munditer
1479 2353 1506 2406 in
1518 2368 1594 2422 repno
1607 2349 1664 2415 Dei,
1674 2351 1713 2406 si·

922 2450 990 2504 milis
1009 2459 1046 2504 est
1059 2449 1112 2503 viro
1126 2447 1314 2520 patrifamilias,
1331 2446 1468 2518 proferenti
1487 2444 1518 2499 de
1536 2446 1654 2498 tbcsauro
1666 2459 1715 2498 sss

923 2556 986 2595 noua
1000 2552 1024 2595 et
1038 2549 1120 2594 eruero
1135 2538 1240 2609 (llattb.
1254 2553 1310 2600 ιιιιι,
1325 2536 1383 2607 bl).
1404 2535 1461 2591 Non
1482 2534 1559 2600 dixit,
1575 2533 1670 2589 Vetera
1684 2541 1713 2590 ει

922 2646 990 2687 nova
1000 2649 1006 2684 :
1018 2630 1088 2701 quod
1101 2630 1190 2698 utique
1200 2629 1321 2694 dixisset,
1334 2627 1383 2681 nisi
1397 2626 1535 2681 maluisset
1552 2624 1712 2679 meritorum

922 2722 1045 2799 ordinem
1058 2735 1166 2776 servare
1178 2734 1256 2790 quam
1270 2728 1431 2788 ternporum.

921 2852 1034 2910 CAPUT
1054 2853 1086 2907 V.
1095 2883 1130 2893 —
1141 2851 1237 2918 Quibus
1251 2851 1379 2906 sententiis
1391 2847 1494 2904 Domini
1514 2846 1654 2904 salvatoris
1670 2844 1711 2911 tt,

966 2946 1048 2999 mnam
1054 2944 1182 3016 judicium
1195 2944 1309 3014 {uturum
1321 2942 1348 2995 in
1360 2941 1410 3012 pire
1421 2939 1507 2995 saculi
1517 2938 1667 2992 declaretur.

958 3078 984 3131 ι.
1005 3076 1075 3146 Ergo
1090 3076 1147 3144 ipse
1166 3074 1288 3130 Salvator
1298 3088 1359 3130 cum
1373 3072 1525 3143 objurgaret
1537 3070 1665 3135 civitates,
1683 3069 1712 3126 ln

921 3169 1017 3238 quibus
1027 3168 1138 3222 virtutes
1152 3180 1260 3237 maguus
1273 3165 1383 3228 iecerat,
1397 3180 1484 3234 neque
1497 3162 1713 3228 crediderant,et

922 3261 961 3314 eis
975 3259 1136 3327 alienigenas
1145 3265 1327 3327 anteponeret,
1350 3255 1534 3314 Verumtamen,
1549 3253 1644 3323 iuquit,
1654 3252 1713 3308 atro

922 3351 1000 3416 uobis,
1017 3350 1084 3420 Tyro
1094 3358 1118 3402 et
1131 3348 1221 3404 Sidoni
1234 3348 1362 3403 semissium
1379 3347 1426 3400 erit
1442 3347 1469 3400 iu
1481 3346 1522 3400 dic
1530 3344 1623 3415 judicii
1634 3359 1712 3414 qnam

923 3440 1000 3495 vobis.
1014 3439 1047 3493 Ει
1059 3439 1137 3509 paulo
1151 3447 1211 3506 post
1223 3437 1300 3492 alteri
1312 3437 1421 3501 civitati,
1435 3435 1524 3501 Amen,
1537 3435 1633 3506 inquit,
1653 3434 1713 3489 dics
1812 3514 1816 3522 .

922 3531 1000 3597 vobis,
1013 3533 1071 3602 quia
1086 3541 1158 3585 tmroe
1167 3530 1336 3586 Sodomorum
1350 3529 1478 3584 remissius
1490 3530 1536 3583 crit
1549 3529 1575 3582 iu
1588 3530 1630 3583 die
1636 3528 1712 3600 judi«

921 3624 956 3677 cii
976 3639 1052 3694 qaam
1074 3622 1118 3677 tibi
1131 3621 1236 3695 (blattlu
1252 3636 1290 3686 vt,
1305 3620 1349 3685 22,
1365 3618 1422 3693 ut).
1443 3621 1491 3675 illc
1513 3620 1712 3676 evidentissime

921 3714 1049 3783 praedicat
1067 3714 1137 3769 diem
1150 3713 1242 3784 judicii
1257 3727 1317 3769 esse
1338 3723 1489 3767 venturum.
1509 3711 1544 3767 Et
1566 3712 1618 3766 alio
1639 3711 1710 3776 loca,

925 3805 978 3860 Viti
992 3804 1124 3871 Ninivitas,
1145 3805 1239 3875 inquit,
1252 3814 1354 3875 turpent
1372 3804 1398 3857 in
1414 3803 1514 3874 judicio
1527 3819 1584 3857 cum
1604 3819 1711 3873 qenero-

921 3896 988 3949 tione
1000 3896 1059 3960 itta,
1074 3905 1098 3950 et
1109 3894 1307 3949 condemnabunt
1318 3911 1372 3948 enm
1382 3909 1392 3958 ,·
1404 3893 1464 3964 quia
1474 3893 1642 3960 poenitentium
1654 3909 1711 3962 eqe-

920 3997 979 4041 ruut
993 3989 1019 4041 in
1034 3987 1212 4058 praedicatione
1224 3985 1308 4051 lona,
1319 3993 1343 4038 et
1355 3999 1411 4038 eccs
1424 3983 1481 4051 plus
1495 3998 1569 4053 quam
1578 3982 1646 4036 lona
1656 3983 1708 4038 bic.

920 4077 1019 4150 Rapina
1030 4078 1115 4132 Austri
1125 4087 1209 4148 turpet
1226 4077 1251 4130 in
1262 4076 1362 4146 jndicio
1376 4089 1433 4128 cum
1446 4073 1605 4144 quaeratione
1616 4075 1676 4141 t'sta,
1685 4081 1710 4129 el

921 4169 1096 4225 condemnabit
1105 4185 1177 4233 eam,·
1190 4169 1249 4239 quia
1265 4168 1331 4222 uenit
1342 4183 1359 4220 a
1371 4167 1463 4235 linibus
1479 4177 1552 4221 terra
1566 4166 1656 4220 audire
1668 4183 1711 4221 ta·

921 4264 1041 4333 pientiam
1057 4260 1211 4324 Salomonis,
1234 4268 1258 4312 tt
1278 4274 1334 4312 ecce
1358 4257 1416 4325 plus
1436 4272 1511 4327 quam
1533 4255 1656 4311 Salomon
1668 4257 1710 4312 ltis
1745 4257 1747 4261 ’

922 4353 976 4428 (ld.
989 4370 1034 4420 ιιι,
1048 4354 1093 4419 ιι,
1108 4352 1164 4421 ti).
1180 4352 1249 4405 Duas
1264 4349 1316 4406 bute
1330 4350 1388 4405 loeo
1401 4364 1444 4405 res
1458 4348 1594 4413 discimus,
1606 4357 1708 4404 etvan·

922 4455 1008 4499 turum
1017 4442 1220 4511 essejudicium,
1229 4451 1323 4496 etcum
1337 4450 1501 4495 mortuorum
1514 4439 1709 4495 resurrectione

920 4543 1069 4590 tenturum.
1084 4534 1121 4590 De
1134 4533 1257 4588 Ninivitis
1275 4534 1385 4588 enimet
1399 4532 1488 4603 regina
1500 4531 1589 4586 Austri
1602 4531 1709 4601 quando

920 4628 969 4683 ista
985 4626 1099 4692 dicebat,
1113 4627 1146 4682 de
1160 4625 1272 4681 mortuis
1283 4625 1341 4681 sine
1355 4624 1435 4680 dubio
1455 4624 1621 4694 loquebatur,
1640 4637 1709 4692 qttos

921 4730 1007 4775 emen
1022 4719 1047 4773 in
1061 4718 1105 4775 die
1115 4717 1207 4788 judicii
1223 4726 1420 4774 resurrecturos
1433 4729 1493 4770 esse
1508 4713 1637 4782 predixit.
1653 4711 1708 4770 Nec

920 4810 980 4866 ideo
994 4809 1070 4876 dixit,
1093 4808 1303 4871 condemnabunt,
1322 4807 1383 4876 quia
1404 4804 1454 4876 ipsi
1472 4802 1644 4873 judicabunt:
1659 4802 1708 4858 sed

919 4901 981 4972 quia
995 4915 1027 4956 er
1049 4902 1168 4971 ipsorum
1189 4899 1389 4968 comparatione
1410 4894 1456 4951 isti
1478 4893 1574 4948 merito
1594 4891 1708 4948 darana·

919 4991 1028 5046 buntur.

954 5081 982 5136 ι.
1003 5082 1105 5136 Rursus
1118 5081 1171 5136 alio
1183 5079 1252 5145 loco,
1267 5092 1327 5133 cata
1342 5075 1376 5132 de
1387 5073 1524 5129 homiuum
1537 5073 1667 5128 bonorum
1681 5083 1708 5131 et

920 5176 1050 5229 malorum
1064 5186 1134 5226 nunc
1147 5169 1333 5240 permixtione,
1348 5177 1438 5238 postca
1452 5166 1631 5237 separatione,
1647 5181 1709 5238 quas

920 5269 1011 5336 utique
1026 5266 1068 5319 die
1086 5264 1177 5333 judicii
1192 5262 1278 5317 littura
1292 5270 1344 5328 est,
1359 5261 1520 5330 loqueretur,
1535 5258 1655 5315 adhibuit
1669 5260 1709 5315 si.

920 5355 1095 5411 rvtilitudinem
1111 5354 1144 5407 de
1158 5353 1245 5407 tritico
1256 5351 1387 5406 seminato
1399 5358 1427 5405 et
1442 5349 1660 5417 superseminatis
1670 5351 1709 5404 ci·

919 5448 1012 5511 sardis,
1026 5460 1137 5515 eamque
1147 5444 1201 5499 suis
1213 5457 1350 5512 exponens
1362 5441 1497 5512 discipulis
1509 5460 1516 5497 ι
1531 5440 1581 5508 Qui
1589 5442 1705 5506 settvinat,

951 5606 959 5638 ¹
973 5603 1024 5655 ¹<tola
1036 5602 1109 5654 editio
1120 5609 1185 5662 lov,
1197 5595 1337 5663 propitiine.
1357 5657 1364 5670 ,
1576 5655 1581 5666 ¹

951 5669 997 5716 *tu
1008 5673 1065 5717 ante
1076 5664 1156 5722 editis,
1174 5660 1215 5724 etti
1236 5661 1337 5712 crcdmt
1353 5671 1378 5708 tn
1396 5671 1459 5711 etum
1478 5659 1559 5720 abest,
1572 5667 1597 5708 ta
1617 5666 1707 5715 emma

920 5736 983 5790 tiss,
998 5739 1047 5780 eta
1069 5739 1149 5789 greco
1163 5733 1233 5777 tcxtu
1247 5719 1358 5786 spostcdi.
