3900 6390
171 246 223 303 613

175 367 311 439 perierunt
326 372 375 438 (a).
387 366 439 423 Sed
451 379 503 436 ego
520 363 564 420 illa
576 376 607 417 re
619 370 693 431 gesta
706 359 733 415 in
748 359 880 428 AEgrpm,
896 358 959 412 istas

177 460 376 529 persecutiones
391 457 544 528 prophetice
555 453 716 524 significatas
733 466 794 506 esse
816 466 869 504 nrm
891 449 961 503 arhi-

175 559 248 608 tmr:
264 551 383 620 quamvis
396 550 429 604 ab
443 549 484 604 eis
498 587 506 613 ,
521 546 566 616 qni
580 546 631 600 lroe
652 541 761 614 putanti,
782 542 912 610 exquisite
934 548 961 595 et

180 644 316 713 ingeniose
327 642 371 697 ilia
389 641 492 712 singula
506 639 547 694 bis
559 637 671 707 singulis
683 642 834 705 comparata
848 632 958 687 ridean-

177 736 230 793 tur,
246 741 299 782 non
313 726 469 796 prophetico
488 722 599 792 Spiritu,
620 719 666 775 scd
687 718 840 789 coniectura
864 714 961 771 mentis

178 816 300 871 humanae
320 857 327 880 ,
351 831 411 885 quae
433 812 577 884 aliqnando
597 811 632 866 ad
656 825 748 866 rerum
761 806 898 879 peruenit,
910 805 959 861 ali·

180 908 287 978 qnando
301 908 409 962 lallitur.

206 1000 234 1055 2.
253 999 320 1068 Quid
334 1000 404 1053 enim
416 1040 424 1065 ,
438 998 481 1067 qui
496 995 548 1051 hoc
567 993 703 1058 sentiunt,
727 990 824 1047 dicturi
842 996 906 1045 sunt
926 988 961 1045 de

174 1092 366 1164 persecutione,
376 1105 428 1161 qna
438 1087 626 1160 ipsehominus
643 1082 787 1140 cruciilrns
802 1081 859 1138 esti
871 1082 897 1137 in
907 1095 960 1150 quo

173 1200 232 1240 eam
253 1197 364 1238 numero
379 1179 514 1252 posituri?
536 1179 564 1235 Si
577 1186 666 1233 autem
681 1175 731 1231 bac
742 1182 853 1244 excepta
866 1171 960 1229 existi-

177 1284 251 1330 mant
263 1271 485 1341 compntandum,
507 1278 629 1339 tanquam
640 1267 691 1322 illae
704 1264 874 1320 numerandae
887 1263 953 1331 sint,

180 1381 238 1434 quae
251 1363 283 1419 ad
297 1377 392 1431 corpus
414 1362 562 1432 pertinent,
576 1375 629 1414 non
648 1373 699 1428 qna
717 1358 802 1427 ipsum
825 1365 904 1427 capnt
917 1361 960 1411 εει

179 1453 321 1523 appetitum
346 1460 373 1505 et
388 1452 521 1515 occisum;
537 1449 598 1519 quid
612 1456 689 1519 agent
701 1447 736 1502 de
751 1447 805 1512 iila,
821 1461 895 1516 quae,
909 1459 959 1516 po·

177 1552 318 1613 steaqunm
332 1539 453 1596 Christus
475 1539 594 1594 aseendit
607 1539 641 1593 ad
656 1538 752 1592 coelum
763 1575 772 1601 ,
785 1535 959 1608 ierosolymis

177 1633 243 1688 iacta
265 1642 324 1697 εει,
347 1632 391 1687 ubi
416 1632 508 1687 beatus
527 1629 676 1700 Stephanus
697 1629 828 1699 lapidatus
842 1637 899 1696 est,
915 1628 959 1684 ubi

175 1723 287 1779 lacobus
299 1725 380 1778 irater
391 1723 500 1779 loannis
514 1721 602 1793 gladio
614 1721 759 1776 trucidatus
772 1729 823 1786 est,
836 1720 880 1774 uhi
892 1735 958 1789 apo·

174 1817 259 1871 stolus
271 1816 364 1871 Petrus
379 1825 407 1871 ut
421 1814 588 1871 occideretur
599 1814 716 1869 inclusus
728 1822 756 1868 et
770 1828 817 1882 per
827 1812 958 1881 Angelum

175 1907 316 1970 liberatus,
336 1905 381 1962 ubi
404 1905 485 1976 iugali
508 1914 587 1974 utque
601 1903 712 1973 dispersi
733 1903 766 1958 de
786 1901 958 1973 ierosolymis

174 1996 286 2061 iratres,
313 1996 356 2051 ubi
377 1995 493 2062 Saulus,
516 1995 561 2060 qni
586 2004 677 2064 postea
702 1993 799 2048 Paulus
822 1990 958 2061 apostolus

173 2086 259 2141 iactura
272 2095 323 2150 εει,
339 2084 460 2141 uastabat
474 2084 638 2150 Ecclesiam
653 2084 699 2139 nbi
714 2083 771 2153 ipse
785 2099 891 2154 qumque
903 2083 957 2152 jam

174 2176 273 2241 iidem,
296 2191 374 2246 quarn
393 2173 622 2246 persequebatur,
648 2174 850 2243 evangelizans,
870 2174 958 2243 qualia

173 2266 302 2333 iaciebat,
317 2275 359 2322 cst
372 2279 479 2336 passus,
493 2265 549 2320 sire
562 2280 609 2334 per
620 2263 753 2330 induam,
767 2264 823 2318 sire
835 2279 881 2332 per
894 2263 959 2318 alins

173 2368 283 2429 gentes,
297 2360 469 2427 quacumque
483 2355 616 2412 Christum
631 2355 839 2411 icrrentissimns
861 2353 957 2423 prandi-

171 2448 266 2503 cahat?
287 2447 340 2505 Cur
364 2463 427 2519 ergo
444 2447 483 2502 cis
496 2462 510 2501 a
523 2446 629 2502 Nerone
652 2446 758 2501 ridetur
779 2445 956 2513 ordiendum,

173 2537 279 2593 eumad
297 2538 410 2593 Neronis
424 2547 542 2607 tempora
556 2537 625 2591 inter
645 2536 823 2592 atrocissimas
834 2550 957 2605 persecu·

173 2625 258 2682 tiones
271 2668 279 2694 ,
293 2626 326 2684 de
347 2627 441 2698 quibus
464 2626 543 2682 nimis
557 2626 663 2696 longum
684 2633 726 2682 est
738 2636 831 2680 cuneta
847 2626 956 2692 dicere,

171 2715 291 2773 Ecclesia
304 2715 451 2772 crescendo
461 2717 628 2788 pervenerit?
646 2715 755 2783 Quodsi
768 2731 783 2768 a
799 2715 904 2785 regibus
919 2717 958 2771 ia-

170 2818 226 2863 ctas
236 2809 431 2877 persecutiones
444 2809 470 2861 in
484 2822 594 2862 numero
608 2806 759 2863 existimant
770 2820 830 2862 esse
842 2805 956 2874 dehere;

169 2913 216 2955 rex
236 2898 285 2954 luit
303 2897 437 2965 llerodes,
457 2899 502 2968 qni
515 2898 594 2953 etiam
617 2908 677 2967 post
693 2910 833 2952 ascensum
850 2897 956 2952 Domini

173 2989 355 3060 grauissimam
369 2987 440 3044 iecit.
455 2986 555 3043 Deinde
577 2987 639 3057 quid
652 2987 815 3055 respondent
827 2987 907 3041 etiam
922 2986 956 3043 de

170 3081 286 3145 iuliano,
306 3094 383 3150 quem
398 3093 450 3134 non
465 3087 605 3134 numerant
618 3079 644 3132 lu
659 3077 769 3133 decem?
780 3080 820 3131 nn
833 3078 889 3147 ipse
902 3092 955 3133 non

168 3181 210 3227 εει
218 3170 362 3226 Ecclesiam
370 3177 533 3240 persecutus,
547 3168 590 3238 qui
605 3165 769 3223 Christianos
782 3167 903 3224 liberales
912 3167 956 3224 lit-

170 3270 241 3317 teras
253 3261 349 3317 docere
362 3275 393 3315 ae
402 3259 505 3315 discere
517 3258 618 3314 vetuit?
631 3259 685 3315 Sub
695 3257 955 3329 qnovalemtnianos

172 3352 267 3422 major,
282 3353 326 3422 qui
339 3360 399 3422 post
410 3364 470 3406 enm
483 3350 577 3405 tertius
589 3349 733 3419 imperator
745 3347 803 3413 init,
817 3347 877 3403 idei
888 3346 956 3403 chri·

167 3443 261 3497 stiance
272 3441 408 3497 conlessor
422 3441 539 3506 exstitit,
557 3440 701 3509 militiaque
719 3440 837 3509 priuatus
853 3448 894 3496 est
905 3439 952 3514 (b).

171 3531 337 3588 Utomittam
352 3546 412 3601 quae
433 3530 503 3601 apud
525 3529 691 3585 Antiochiam
711 3527 800 3584 iacere
816 3542 952 3599 caeperat,

170 3623 220 3676 uisi
235 3623 311 3677 unius
335 3621 481 3677 fidelissimi
496 3628 525 3676 et
544 3619 749 3675 constantissimi
769 3619 891 3689 juvenis,
907 3620 951 3691 qui

171 3713 281 3775 multis,
306 3719 335 3764 nt
356 3720 563 3781 torquerentur,
587 3709 779 3779 apprehensis,
802 3724 850 3780 per
868 3720 952 3766 tntum

169 3803 239 3859 diem
263 3802 364 3872 primus
381 3810 423 3857 εει
437 3809 538 3868 tortus,
558 3802 628 3855 inter
640 3799 751 3870 ungulas
767 3801 952 3871 cruciatusque

169 3893 305 3964 psallentis
319 3893 467 3948 libertatem
481 3900 561 3962 atque
583 3890 744 3947 hilaritatem
767 3891 877 3947 miratus
890 3893 952 3947 iror-

169 3984 268 4040 ruisset
288 3984 357 4039 etin
379 3983 483 4039 caeteris
505 3981 652 4038 deformius
672 3981 829 4037 erubescere
850 3981 952 4036 timuis·

169 4085 211 4130 aet
224 4075 273 4145 (c).
288 4075 429 4130 Postremo
448 4081 539 4129 nostra
558 4072 685 4128 memoria
699 4071 797 4127 Valens
808 4072 951 4142 supradicti

197 4204 233 4265 (u)
245 4205 281 4254 sic
291 4211 375 4266 putant
384 4206 490 4265 orosius,
508 4203 550 4254 lib.
568 4205 663 4265 iltlst,
673 4217 725 4268 cap.
738 4203 778 4265 27,
795 4217 889 4256 necnon
899 4204 951 4255 sul·

168 4267 246 4329 pitius
255 4273 359 4315 severus
368 4267 427 4316 tlise
439 4278 501 4315 sacr.
513 4265 556 4316 lib.
567 4266 592 4325 2,
603 4279 655 4328 cap.
667 4267 706 4316 55.

197 4328 232 4400 (b)
252 4327 359 4376 lulianus
380 4333 489 4400 spectata
508 4328 684 4400 arcebatritns
702 4328 843 4400 christianos
861 4327 950 4378 docere

164 4395 291 4508 lutiam
309 4387 750 4499 *hiltinisheimensis
772 4388 951 4500 thamni

165 4512 221 4563 side
231 4461 478 4568 &eminentie
485 4485 655 4560 secludastieae
665 4510 726 4561 lihro
736 4464 802 4570 illua
822 4548 829 4562 .
843 4512 880 4569 le,
892 4517 950 4562 hm·

164 4586 232 4643 caen.
244 4569 345 4682 -affoni
355 4573 508 4630 ammianum,
517 4569 559 4620 lih.
567 4570 605 4631 hb,
616 4585 668 4634 cup.
678 4571 715 4633 ld,
733 4573 779 4622 sub
834 4587 858 4634 .;
870 4579 950 4623 Euho-

164 4647 232 4758 pufen)
238 4641 367 4758 etinnlbsnssi
378 4706 392 4743 a
403 4692 495 4742 tubane
504 4692 627 4742 christian
640 4692 777 4755 sepulcrum
786 4693 878 4758 nangte
888 4706 949 4744 mar·

164 4758 224 4820 tyris
234 4755 282 4806 alio
298 4754 439 4814 scansione,
452 4753 568 4817 psalmum
579 4754 693 4803 audiente
704 4756 810 4816 Principe
821 4763 946 4817 canerent,

162 4819 231 4880 cajus
239 4826 279 4868 est
287 4819 390 4890 initium,
404 4825 432 4866 ln
442 4814 509 4865 emin
522 4813 598 4886 lsrael
608 4816 639 4865 de
650 4815 835 4924 AEWWSWL
846 4830 912 4876 erm,
924 4818 948 4889 i,

162 4889 280 4929 accensus
290 4878 397 4928 Julianus
406 4878 462 4927 duct
474 4890 517 4927 eoa
528 4880 672 4940 trequentes
684 4885 757 4939 postrr
775 4891 798 4926 re
808 4885 833 4926 et
841 4886 949 4940 torqueri

160 4937 239 5000 iussit.
252 4939 375 4990 sallustius
382 4945 435 4988 erat
455 4939 593 5000 preelectus,
604 4940 642 4987 cui
651 4939 773 4999 negotium
784 4940 947 5000 mandauerat,

162 5002 314 5063 primumque
323 5001 474 5050 'theodorum
490 5001 618 5063 quemdam
633 5000 750 5062 juvenem
767 5002 813 5048 arri
831 5001 886 5048 uit:
908 5002 948 5050 cui

165 5061 237 5131 ratiis
245 5069 418 5133 tormentorum
429 5062 563 5133 generibus
572 5061 682 5122 admotis,
691 5060 789 5132 juvenis
816 5068 885 5110 ronte
897 5060 947 5111 ala·

162 5131 196 5169 crs
207 5130 280 5184 atque
292 5123 360 5172 hilari
371 5124 402 5172 ah
414 5123 481 5173 tortio
492 5121 551 5172 lucis
561 5121 592 5172 ad
604 5121 687 5172 boram
697 5123 847 5172 undecimam
858 5124 947 5184 persti-

161 5183 201 5292 il
215 5181 947 5305 'tntttnltttiiidtbtnhtldbhihlh

161 5304 275 5356 macuta
293 5305 326 5353 nn
343 5307 427 5366 nam
450 5281 477 5355 ei
494 5307 546 5368 ipse
563 5307 594 5356 au
611 5307 744 5369 mancipem
762 5306 947 5356 aumtnnmuus

162 5366 282 5437 persenit,
293 5319 432 5439 debortans·
439 5380 472 5440 ne
482 5374 599 5440 torquere
607 5367 751 5440 christianos
759 5375 885 5432 pergeret,
897 5365 947 5419 iliis

159 5426 254 5492 gloriae,
272 5440 327 5498 ψειΙ
335 5429 434 5491 principi
446 5440 582 5491 ignommtae
592 5440 620 5478 ac
630 5428 757 5479 dedecoras
773 5429 871 5493 pienum
882 5428 946 5478 iutu-

161 5502 228 5548 ruut;
241 5496 268 5539 ct
277 5488 362 5538 ordine
373 5501 401 5536 re
412 5490 499 5547 audita,
511 5487 618 5539 lulianus
628 5491 659 5538 ab
668 5491 764 5550 inceptu
774 5489 875 5540 destitit.
887 5496 946 5539 dum

159 5551 311 5600 'theolorum
323 5550 439 5598 eusenius
455 5549 596 5599 testificatur
606 5563 635 5600 se
648 5551 777 5601 andochiae
791 5553 944 5612 conuenisse,

162 5613 329 5676 questumque
344 5622 375 5660 an
393 5612 418 5659 in
430 5609 536 5674 equuleo
546 5610 682 5662 doluisset?
703 5613 820 5663 ‹ltinime
841 5626 941 5673 rero,»

161 5671 307 5738 inquitille:
323 5683 400 5724 snam
411 5673 793 5737 poneneasststenatjurenistn
803 5673 941 5738 albatus,

715 246 761 303 DE
768 243 929 304 mutate
947 244 1016 308 lilii,
1033 243 1065 300 ὃ.
1084 242 1266 301 nuchstlltt

1015 358 1190 415 Valentiniani
1212 360 1293 415 irater
1306 358 1438 424 brianno,
1452 371 1543 414 nenne
1557 371 1653 429 mapsa
1676 371 1801 428 peccem

1013 449 1085 503 tione
1111 464 1157 515 per
1170 447 1285 504 Orientis
1298 457 1386 518 partes
1399 446 1558 503 catholicam
1581 447 1702 503 rasurit
1716 448 1802 504 lisele·

1013 539 1080 593 sium
1097 538 1134 611 (a)
1143 539 1155 593 i
1165 537 1247 606 Quale
1258 547 1300 593 est
1312 549 1419 602 autem,
1433 552 1486 592 non
1501 537 1685 604 considerare,
1709 537 1801 594 Eccle-

1012 628 1079 684 siam
1095 644 1142 699 per
1162 638 1246 685 totum
1269 628 1396 684 mnndum
1416 627 1623 686 fructificantem
1642 639 1725 702 atque
1744 645 1800 688 cse-

1013 720 1740 791 scentemposseineliquibusgentibuspersecuticnem
1749 723 1800 790 pati

1011 825 1028 866 a
1042 811 1164 882 regibus,
1187 820 1215 868 et
1228 812 1334 882 quando
1346 814 1371 866 in
1384 812 1445 867 aliis
1458 826 1510 867 non
1524 813 1642 882 patitur?
1655 810 1714 867 liisi
1734 811 1801 869 loris

1012 918 1065 959 non
1075 910 1116 958 est
1126 903 1274 973 persecutio
1282 901 1468 972 computanda,
1476 900 1583 974 quando
1594 917 1642 959 rex
1650 902 1800 960 Gotirormu

1011 994 1038 1050 in
1053 995 1110 1065 ipsa
1122 994 1217 1050 Gothia
1239 1000 1394 1064 persecutus
1408 1003 1448 1050 est
1460 993 1628 1050 christianos
1641 993 1801 1052 crudelitate

1011 1083 1136 1148 mirabili,
1158 1097 1218 1139 cum
1233 1082 1269 1137 ibi
1283 1097 1336 1137 non
1360 1092 1450 1139 essent
1462 1083 1512 1139 nisi
1526 1083 1661 1146 catholici,
1686 1098 1800 1154 quorum

1011 1175 1116 1245 plurimi
1134 1175 1262 1247 martyrio
1281 1174 1401 1231 coronati
1420 1183 1502 1230 sunt:
1517 1175 1615 1232 sicula
1637 1174 1800 1245 quibusdan

1012 1263 1146 1333 icombus,
1162 1266 1207 1336 qui
1230 1264 1359 1322 tunciilie
1379 1266 1454 1335 pueri
1474 1264 1589 1332 inerant,
1612 1275 1641 1320 et
1654 1280 1686 1322 se
1699 1267 1750 1320 ista
1763 1267 1800 1320 ri-

1011 1353 1083 1411 disse
1103 1355 1287 1412 incunctanter
1308 1354 1535 1421 recordabantur,
1567 1355 1723 1412 audirimus
1745 1357 1799 1428 (iii

1010 1444 1080 1512 Quid
1099 1445 1179 1500 modo
1198 1446 1226 1501 in
1238 1446 1348 1503 Perside
1363 1444 1419 1519 (c)i
1434 1461 1522 1501 nonne
1542 1447 1577 1502 ita
1590 1447 1618 1502 in
1631 1446 1800 1503 Christianua

1010 1535 1107 1593 lerbuit
1117 1537 1264 1608 persecutio
1276 1536 1316 1610 (si
1329 1547 1416 1593 tamen
1423 1535 1478 1607 jam
1488 1537 1618 1609 quierit),
1630 1547 1658 1593 nt
1667 1536 1800 1608 fugientes

1010 1627 1072 1683 inde
1085 1628 1205 1683 nonnulli
1217 1627 1345 1699 usquead
1358 1628 1477 1684 Romana
1490 1627 1587 1699 oppida
1602 1629 1799 1699 pervenerint!

1010 1716 1073 1775 llaec
1096 1729 1176 1788 atque
1200 1717 1351 1788 hujusmodi
1371 1717 1437 1774 mibi
1448 1717 1593 1788 cogitanti,
1616 1733 1672 1773 non
1696 1718 1800 1774 videtur

1010 1823 1070 1864 esse
1090 1807 1258 1865 definiendus
1282 1823 1410 1865 numerus
1432 1810 1669 1879 persecutionum,
1700 1809 1799 1880 quihus
1834 1829 1837 1837 ¹

1010 1899 1127 1953 exerceri
1155 1907 1260 1969 oportet
1288 1897 1444 1955 Ecclesiam.
1470 1897 1522 1955 Sed
1541 1913 1634 1954 rursus
1662 1897 1799 1956 aiiirmare

1009 1989 1111 2060 aliquas
1125 1989 1228 2045 iuturus
1241 2005 1257 2046 a
1271 1990 1389 2061 regibus,
1405 1990 1588 2060 praeter'illam
1611 1990 1798 2059 novissimam,

1009 2079 1043 2136 de
1057 2095 1107 2151 qua
1121 2081 1209 2136 nullus
1231 2082 1340 2153 ambigit
1352 2081 1533 2149 Christianus,
1559 2097 1614 2138 non
1630 2083 1747 2139 minoris
1759 2094 1800 2139 est

1010 2170 1173 2226 temeritatis.
1185 2169 1276 2242 ltaque
1287 2171 1337 2228 hoe
1346 2172 1373 2228 in
1383 2171 1472 2228 medlo
1481 2172 1666 2244 relinqnimtn,
1676 2183 1798 2230 neutram

1009 2270 1109 2330 partem
1122 2262 1276 2331 questionis
1286 2261 1364 2334 hujus
1373 2271 1535 2327 astruentes,
1546 2263 1603 2320 sive
1615 2264 1797 2335 destruentes,

1009 2352 1056 2408 sed
1070 2354 1251 2410 tantummodo
1265 2354 1299 2410 ab
1311 2353 1461 2411 affirmandi
1475 2354 1616 2427 quodlibet
1638 2356 1738 2413 horum
1750 2372 1799 2414 au·

1009 2443 1066 2498 daci
1080 2446 1286 2515 praesumptione
1300 2453 1464 2502 revocantes.

1044 2558 1155 2615 CAPUT
1173 2557 1239 2613 Llll.
1260 2557 1300 2614 De
1322 2569 1433 2629 tempore
1454 2560 1597 2616 nuummoe
1615 2563 1799 2633 mercationis

1346 2651 1456 2707 occuito.

1043 2761 1070 2814 i.
1086 2758 1160 2815 lllam
1172 2774 1238 2816 sane
1260 2761 1430 2817 novissimam
1444 2763 1658 2832 persecutionem
1671 2803 1680 2830 ,
1693 2780 1754 2836 quae
1765 2766 1797 2821 ab

1006 2851 1170 2907 Antichristo
1182 2853 1268 2907 lutura
1296 2862 1346 2919 est,
1361 2855 1502 2925 presentia
1515 2870 1562 2911 sua
1577 2856 1636 2928 ipse
1646 2859 1797 2930 exstinguet

1007 2944 1095 3000 lesus.
1119 2943 1162 3000 Sic
1186 2946 1258 3000 enim
1280 2947 1409 3016 scriptum
1433 2955 1485 3012 est,
1499 2947 1570 3017 quod
1591 2965 1649 3002 mur
1664 2951 1798 3020 interficiet

1005 3037 1095 3106 spiritu
1107 3039 1158 3090 oris
1169 3037 1216 3102 sui,
1227 3045 1251 3091 et
1260 3038 1387 3091 macerabit
1398 3038 1582 3093 iiiunu'notiorra
1592 3043 1735 3112 presentie
1745 3058 1797 3098 auo

1006 3128 1050 3197 (ll
1068 3127 1156 3181 Thess.
1169 3132 1203 3192 ιι,
1213 3124 1251 3197 8).
1266 3127 1314 3182 llic
1327 3129 1409 3199 qureri
1424 3129 1500 3192 sulci,
1516 3131 1634 3198 Quando
1646 3133 1718 3188 istud
1729 3135 1796 3190 criti

1006 3218 1158 3288 importune
1170 3222 1289 3276 omnino.
1305 3221 1332 3275 Si
1345 3221 1415 3276 enim
1433 3223 1482 3276 hoc
1497 3223 1573 3278 nohis
1589 3238 1671 3281 nosse
1683 3226 1796 3297 prodes·

1005 3319 1055 3374 set,
1069 3325 1084 3364 a
1098 3311 1255 3380 qnomelius
1267 3325 1345 3382 quam
1358 3311 1460 3382 abipso
1476 3312 1528 3367 lieo
1540 3316 1669 3384 magistro
1683 3316 1795 3374 interru-

1004 3401 1126 3470 gentibus
1136 3401 1272 3471 discipulis
1282 3402 1431 3457 diceretur?
1440 3402 1497 3458 lion
1510 3405 1581 3459 enim
1591 3407 1724 3464 siluerunt
1734 3409 1794 3466 inde

1003 3490 1074 3561 apud
1087 3506 1158 3557 eum;
1170 3491 1216 3548 sed
1231 3506 1246 3546 a
1261 3503 1390 3562 praesente
1403 3495 1581 3564 quaesierunt,
1596 3494 1726 3555 dicentes:
1737 3499 1793 3554 llo·

1003 3584 1080 3649 mine,
1096 3584 1118 3638 n'
1136 3584 1183 3638 hoc
1195 3593 1305 3655 tempore
1324 3586 1520 3654 proerentuberit,
1536 3589 1676 3657 ecquando
1690 3608 1792 3663 regnum

1003 3673 1018 3728 l
1021 3675 1087 3729 truci
1099 3675 1108 3706 ¹
1120 3674 1132 3727 i
1153 3676 1187 3728 Αι
1201 3675 1259 3729 ille:
1274 3673 1335 3729 Non
1346 3684 1393 3742 est,
1417 3675 1519 3745 inquit,
1534 3688 1642 3732 cestrum
1655 3682 1720 3736 scire
1732 3693 1792 3736 tem·

1003 3784 1075 3838 porc,
1089 3781 1146 3838 quta
1159 3766 1236 3822 Pater
1256 3768 1283 3822 in
1296 3784 1344 3822 auu
1355 3769 1438 3838 potnit
1450 3777 1571 3840 potestate
1591 3771 1660 3841 (Act.
1674 3789 1694 3840 t,
1709 3775 1736 3840 ii,
1752 3775 1790 3849 i).

1001 3858 1061 3915 lion
1072 3860 1161 3930 utique
1170 3859 1206 3914 illi
1216 3858 1333 3925 delium,
1344 3860 1385 3916 vel
1395 3859 1448 3928 die,
1461 3861 1503 3915 rel
1513 3875 1607 3930 annos,
1619 3865 1667 3919 sed
1680 3865 1714 3922 de
1726 3876 1791 3922 tern-

1003 3966 1067 4022 pore
1079 3951 1316 4021 interrogaverunt,
1332 3950 1437 4021 qnando
1452 3952 1520 4007 istud
1534 3967 1663 4024 accepere
1677 3970 1790 4027 respon·

1001 4055 1071 4097 sum.
1085 4041 1193 4096 Frustra
1204 4041 1283 4112 igitur
1295 4055 1391 4106 annos,
1402 4041 1445 4113 qui
1457 4040 1518 4097 huic
1530 4044 1629 4099 saeculo
1640 4055 1789 4113 mmanent,

1001 4139 1200 4203 computarere
1212 4131 1324 4188 delinire
1342 4146 1491 4201 conamur,
1506 4148 1568 4189 eum
1582 4133 1633 4191 boc
1648 4136 1723 4193 scire
1736 4153 1789 4194 non

1003 4306 1069 4419 «gni
1080 4305 1183 4380 subinde
1193 4305 1302 4380 inigidam
1310 4306 1368 4355 mihi
1379 4304 1540 4380 suillusdebat,
1554 4314 1581 4357 ει
1591 4307 1709 4381 sudorem
1720 4311 1789 4361 suda·

1004 4387 1016 4416 ι
1047 4368 1245 4418 neandrdrssmro
1266 4369 1594 4431 detergebut311autgrare
1614 4377 1695 4434 potms
1715 4371 1789 4426 luerit

1004 4443 1081 4479 «cnm
1088 4428 1152 4479 illinc
1161 4427 1328 4479 detraherer.»
1336 4436 1409 4479 stacte
1421 4436 1483 4487 esto,
1490 4436 1538 4479 mm
1548 4430 1689 4482 admiranda
1700 4436 1788 4484 rirtme

997 4492 1103 4555 iuvenis,
1116 4492 1231 4540 memoria
1242 4490 1384 4540 saeculorum
1390 4492 1496 4540 emnium
1503 4491 1654 4554 dignissime,
1665 4495 1785 4559 nobisque

1000 4555 1117 4617 propitius
1136 4559 1161 4602 et
1172 4553 1292 4614 benignus
1312 4551 1391 4611 cilice,
1403 4560 1429 4601 ut
1444 4552 1551 4602 aemnlari
1567 4560 1628 4604 teet
1640 4555 1749 4618 jnrenes
1759 4565 1785 4608 et

1000 4622 1108 4665 etsenes
1119 4621 1272 4663 excitemus.
1288 4621 1343 4662 tnn.
1356 4621 1433 4664 verns.

1032 4679 1040 4708 ¹
1058 4673 1158 4734 enimsi
1224 4686 1249 4723 tn
1260 4680 1364 4738 terrrpore
1374 4672 1556 4738 representatis
1571 4686 1673 4737 regerent
1691 4676 1786 4729 tnui?

999 4737 1045 4788 sed
1054 4737 1208 4799 Augustinus,
1224 4743 1251 4785 ut
1262 4734 1318 4785 alibi
1327 4736 1376 4797 jum
1387 4742 1426 4785 est
1436 4736 1590 4786 olrserratnm
1608 4735 1698 4801 legere
1713 4739 1785 4801 solet,

998 4798 1075 4850 aiiroc
1085 4805 1188 4858 tenrpore
1196 4796 1386 4858 praescrutaberis,
1397 4805 1420 4847 et
1431 4797 1527 4858 quurtdo
1535 4810 1636 4862 regnum
1647 4800 1747 4853 ranucii
1760 4808 1787 4853 st

998 4874 1035 4911 stc
1045 4860 1119 4910 habet
1128 4859 1173 4909 hoc
1184 4859 1236 4909 loeo
1247 4858 1310 4909 liber
1322 4859 1418 4921 optime
1428 4867 1493 4909 notae
1502 4857 1664 4910 colbertinus.

1030 4943 1066 5004 (a)
1077 4939 1142 4989 cont.
1161 4948 1290 4996 socratem,
1302 4939 1361 4989 nist.
1380 4937 1440 4988 eccl.
1458 4937 1501 4988 lib.
1513 4938 1537 4999 ι,
1550 4952 1604 5002 cup.
1626 4939 1650 4999 ι,
1676 4949 1703 4992 ει
1717 4951 1783 4998 orna

998 5001 1137 5074 ltn.,7,oep.
1148 5001 1255 5062 &tide
1273 5002 1346 5052 etiam
1357 5001 1513 5063 augustinum
1535 5000 1577 5051 lib.
1601 5000 1714 5055 2contra
1732 5007 1784 5057 titt

998 5064 1066 5199 real).
1077 5063 1207 5199 fflrici
1218 5123 1423 5195 regisnootborum
1438 5129 1505 5173 notat
1517 5127 1714 5197 persecutionem
1722 5140 1785 5177 anno

997 5192 1087 5236 nomrm
1101 5187 1147 5237 cto
1165 5199 1190 5235 rn
1207 5184 1350 5257 οιιειειιειιοε
1361 5192 1458 5243 motam,
1469 5185 1502 5234 de
1520 5198 1568 5247 qua
1583 5193 1744 5261 hieronymus
1760 5192 1785 5240 in

995 5246 1119 5307 ebronroe,
1129 5255 1155 5298 et
1163 5256 1259 5296 orestus
1270 5244 1312 5294 hb.
1322 5248 1346 5306 7,
1359 5259 1412 5309 cap.
1425 5245 1463 5296 32.
1476 5254 1510 5298 be
1519 5248 1606 5296 eadem
1616 5246 1725 5312 loquutur
1735 5253 1786 5315 rpi-

989 5309 1106 5372 ·phanius,
1118 5309 1207 5357 ttaeresi
1218 5307 1257 5357 70.
1268 5315 1391 5363 coenans.

1027 5369 1062 5431 (c)
1074 5377 1128 5420 ttaec
1139 5369 1277 5430 persecutio
1287 5374 1405 5418 commota
1416 5373 1454 5417 est
1465 5370 1528 5418 circa
1536 5381 1625 5418 annum
1632 5369 1721 5422 ffirisd
1729 5371 1783 5432 ist,

995 5431 1041 5480 sub
1050 5429 1172 5493 isdigerde
1183 5442 1244 5492 rege
1257 5438 1389 5491 Persarum,
1403 5437 1430 5479 ut
1450 5431 1534 5480 scribit
1543 5430 1721 5490 theodoretus,
1741 5437 1782 5485 tib.

994 5491 1020 5549 5,
1031 5492 1090 5541 hist.
1103 5489 1191 5542 eccles
1202 5505 1230 5542 ea
1249 5528 1256 5540 .
1272 5491 1311 5553 38,
1326 5491 1366 5541 rel
1383 5493 1462 5553 potius
1472 5493 1518 5540 sub
1528 5499 1647 5543 vararane
1660 5494 1715 5556 ejns
1725 5495 1783 5551 ilio.

995 5561 1024 5602 ut
1037 5558 1155 5612 socrates,
1167 5551 1208 5602 lib.
1220 5506 1307 5624 {cap
1318 5551 1354 5608 18.
1369 5560 1395 5602 et
1403 5552 1559 5624 nicephorus,
1570 5552 1612 5603 lib.
1627 5553 1666 5615 tt,
1678 5568 1731 5627 oep.
1746 5557 1782 5605 te.

995 5618 1030 5663 ns
1052 5613 1139 5666 eadem
1152 5621 1324 5679 persecutione
1333 5613 1502 5678 cassiodorus,
1513 5613 1557 5665 lrh.
1570 5614 1600 5666 tu
1610 5616 1671 5668 hist.
1688 5623 1775 5681 trtqan

995 5672 1095 5741 opst.
