3900 6390
48 295 99 352 ddl

50 410 164 483 Accipite
181 410 309 482 Spiritum
330 417 466 474 mactum:
481 423 544 468 eum
565 411 702 480 corporei¹
724 410 765 466 sui
788 410 843 466 oris

47 501 203 574 sigolttcans
215 500 289 557 tlatu.
301 501 334 558 Et
343 500 386 556 ulti
401 500 448 564 ait,
463 498 512 568 tu,
526 499 743 572 baptisataatttnes
756 507 841 572 pentes

47 595 78 650 itt
86 596 187 650 ιιοιιιὶιιε
197 593 283 649 Patris
291 604 314 650 et
323 592 385 649 Filii
394 604 416 650 et
427 593 539 664 Spiritus
546 592 626 648 sartcti
636 591 742 663 (llattlt.
751 607 843 659 sautu,

51 683 97 758 tt)
115 706 122 743 ι
137 687 182 742 ulti
203 685 260 757 ipsa
274 685 389 741 Trinitas
409 684 631 740 excellentissime
652 691 681 739 ct
701 682 845 740 evidentis·

48 778 120 835 sime
138 777 323 834 commendata
343 787 393 834 cst.
416 777 451 832 Et
471 776 514 831 ulti
533 776 639 846 legitur,
653 773 723 830 Deus
742 776 846 844 spiritus

49 877 89 924 est
101 867 193 934 (ioan.
208 883 247 932 tr,
261 868 318 937 tt).
334 869 368 924 Et
381 867 438 922 aliis
451 867 573 937 plurtmis
582 881 717 921 sacrarum
731 865 843 921 Littera·

51 975 112 1016 runt
127 961 202 1016 locis.
226 960 254 1015 ltt
275 958 427 1030 hisquippe
450 959 574 1015 omnibus
593 957 751 1014 testimoniis
773 956 846 1014 Scri·

53 1058 205 1122 pturarum,
220 1060 350 1122 qttantnm
365 1052 398 1106 atl
420 1050 528 1107 Graecos
541 1051 644 1117 attinet,
660 1065 714 1105 non
729 1049 847 1111 moravi·

53 1140 149 1197 demus
158 1142 286 1211 seriptum
300 1156 369 1209 esse,
383 1141 430 1197 scd
445 1141 536 1210 arripe
549 1159 557 1197 s
568 1150 695 1212 qttatttum
710 1147 800 1195 autern
812 1139 846 1194 ad

53 1229 172 1298 Latinos,
189 1247 243 1287 non
256 1230 357 1297 flatum,
373 1230 421 1287 sed
436 1233 568 1302 spiritum.
583 1231 752 1301 Quapropter
770 1229 797 1284 ln
814 1243 847 1285 eo

54 1322 126 1395 guod
145 1323 273 1395 seriptum
287 1331 340 1388 est,
355 1321 504 1394 inspiravit,
525 1323 580 1391 uel,
600 1323 623 1378 si
642 1322 727 1391 magis
741 1320 847 1392 proprie

53 1415 197 1473 dicendum
212 1425 265 1486 est,
278 1414 419 1488 insufflavit
431 1416 458 1470 itt
470 1416 561 1488 tactem
579 1416 633 1485 ejus
642 1415 760 1487 spiritum
772 1414 846 1481 tite,·

53 1508 78 1564 sl
90 1522 194 1580 graecus
211 1523 263 1563 non
279 1521 360 1574 nturi,
380 1507 450 1563 sicut
462 1508 497 1563 ibi
511 1508 616 1578 legitur,
631 1506 678 1562 sed
691 1517 781 1575 strupra
793 1521 841 1575 po-

55 1599 164 1666 suisset,
178 1614 228 1654 uec
242 1599 280 1654 sic
294 1606 366 1655 esset
378 1613 553 1670 consequens,
569 1608 600 1654 ut
613 1596 768 1653 Creatorem
783 1595 846 1667 Spi-

55 1688 149 1757 ritum,
164 1690 209 1760 qul
225 1691 331 1761 proprie
344 1689 440 1747 dicitur
454 1690 480 1744 in
495 1689 624 1745 Trinitate
645 1689 759 1760 Spiritus
780 1703 845 1744 san·

57 1788 127 1845 ctus,
151 1779 297 1851 intelligere
317 1794 494 1850 cogeremur:
509 1779 722 1851 quattdoquidem
742 1789 844 1848 πνεῦμα,

56 1878 87 1926 ιιι
100 1869 199 1928 dictum
218 1881 268 1935 est,
285 1887 338 1927 non
353 1872 439 1927 solum
453 1872 486 1927 tle
499 1871 636 1940 Crantore,
656 1869 704 1929 scd
718 1873 797 1928 etiam
811 1871 845 1929 de

55 1974 181 2020 ereatura
194 1964 245 2019 diei
257 1964 345 2021 solere
357 1965 524 2021 mauilestum
539 1973 589 2021 εει.

93 2055 121 2110 l.
140 2053 195 2111 Sed
207 2069 267 2110 eum
279 2054 401 2122 dixisset,
414 2055 547 2126 inquiunt,
560 2055 688 2124 spiritum,
699 2070 752 2110 non
766 2054 848 2112 adde·

57 2156 100 2206 ret
110 2149 177 2216 alte,
190 2147 242 2204 nisi
255 2147 327 2204 illic·
337 2147 465 2218 Spiritum
483 2157 604 2204 sanctum
620 2148 699 2203 uellet
713 2146 823 2218 intelligi
838 2164 845 2201 ι

56 2247 87 2297 ει
106 2254 167 2296 ειιιιι
186 2238 306 2306 dixisset,
329 2236 424 2294 Fartus
446 2248 483 2295 est
502 2239 577 2295 tonan
599 2240 627 2294 ιἰι
649 2240 771 2307 animam,
792 2253 847 2294 non

59 2331 180 2398 adderet,
189 2332 320 2400 uiuerent,
336 2330 386 2386 nisi
401 2330 497 2387 animae
510 2332 590 2387 ritum
604 2330 774 2401 significaret,
788 2343 849 2401 quae

60 2422 98 2482 ttlt
113 2422 239 2479 diuinitus
252 2423 403 2494 impertitur
417 2423 487 2479 dono
499 2421 614 2495 Spiritus
629 2423 687 2479 liei.
698 2422 763 2479 Cum
776 2420 848 2478 enim

60 2515 132 2571 vivat
146 2515 246 2581 anima,
263 2514 396 2586 inquiunt,
412 2514 520 2584 proprio
532 2530 589 2570 suae
605 2514 667 2570 vita·
681 2512 771 2580 modo,
785 2511 848 2584 quid

60 2620 129 2678 opus
141 2614 200 2663 erat
213 2603 312 2662 addere
325 2607 456 2672 oimntem,
472 2605 523 2660 nisi
537 2613 565 2659 ut
577 2619 609 2660 ea
621 2605 675 2659 vita
690 2603 851 2674 intelligere·

60 2706 115 2768 tur,
128 2713 189 2770 guas
208 2698 247 2753 illi
260 2713 307 2769 per
320 2696 450 2769 Spiritum
465 2706 586 2753 sanetum
598 2695 693 2752 datur?
712 2696 768 2751 lloe
788 2693 851 2766 quid

59 2797 103 2845 est
115 2786 199 2856 aliud,
207 2787 259 2843 nisi
272 2787 413 2859 diligenter
426 2802 474 2858 pro
488 2787 602 2844 ltumana
614 2786 767 2857 suspicione
780 2799 848 2841 eon·

62 2880 181 2947 tendere,
194 2889 223 2937 ει
231 2879 383 2951 Scripturas
395 2889 501 2936 sauctus
519 2880 682 2950 negligenter
694 2876 852 2933 attenderet

61 2971 131 3040 Quid
153 2973 226 3028 enim
247 2987 372 3042 magnum
398 2980 456 3027 erat
479 2987 533 3027 non
557 2972 596 3028 ire
617 2971 733 3041 longius,
755 2968 802 3025 scd
824 2969 851 3025 in

64 3062 158 3119 eodem
177 3061 247 3118 libro
268 3063 327 3133 ipso
350 3062 430 3133 paulo
453 3063 575 3132 superius
596 3061 694 3132 legere,
722 3059 852 3114 Producat

64 3165 131 3211 terra
143 3153 254 3210 uttintam
267 3156 386 3211 uiuentem
397 3155 474 3225 (Gerr.
488 3171 509 3222 t,
523 3154 587 3226 ill:
609 3152 715 3224 quando
729 3152 853 3207 animalia

64 3249 200 3308 terrestria
221 3258 317 3305 cuneta
339 3259 428 3306 creata
446 3248 524 3302 suntl
539 3247 640 3303 Deinde
659 3245 800 3316 aliquantis
813 3245 855 3300 in·

65 3341 210 3415 terposttts,
226 3341 253 3397 in
268 3341 363 3398 eodem
377 3350 464 3396 tamen
479 3340 537 3412 ipso
551 3340 629 3404 libro,
650 3337 715 3409 guid
727 3349 853 3408 magnum

65 3441 122 3492 erat
139 3433 280 3490 advertere
298 3433 368 3505 quod
384 3433 572 3504 scriptumest,
590 3430 625 3486 Ει
637 3431 788 3501 omniaque
806 3428 855 3482 ltu·

64 3524 121 3585 ient
140 3523 343 3596 spiritantia,
362 3532 387 3579 et
409 3523 489 3579 omnis
509 3523 552 3594 gai
573 3531 628 3576 erat
647 3535 723 3592 super
743 3517 854 3583 aridam,

66 3626 182 3672 mmtstts
193 3625 231 3672 est
246 3615 303 3686 (ld.
313 3632 361 3682 vu,
371 3615 437 3688 22);
450 3630 511 3671 curn
526 3615 673 3670 insinuaret
691 3611 781 3668 omnia
795 3627 856 3682 quas

65 3706 228 3763 strepentia
242 3715 312 3762 terra
323 3707 435 3779 periisse
449 3705 571 3763 dilutiol
582 3706 611 3762 Si
621 3721 685 3776 ergo
699 3714 726 3761 ct
739 3705 856 3763 animam

66 3799 211 3867 virentem,
226 3807 254 3855 ει
273 3799 396 3870 spiritum
409 3800 471 3855 rite
486 3800 567 3856 etiam
581 3799 607 3854 itt
621 3798 763 3869 pecoribus
781 3801 857 3853 lure·

67 3889 166 3956 nimus,
190 3887 259 3944 sicut
279 3887 352 3960 loqui
370 3888 458 3945 divina
478 3888 615 3959 Scriptura
650 3886 809 3952 consuevit3
831 3893 858 3943 ει

66 3995 126 4036 cum
141 3981 312 4053 unoquoque
325 3981 397 4050 loco,
410 3981 453 4036 ulti
467 3980 574 4052 legitur,
588 3979 680 4034 dotata
693 3994 749 4051 qua
766 3978 858 4033 tutat

66 4072 183 4144 spiritum
201 4072 269 4138 uita,
285 4085 337 4126 non
354 4085 457 4141 graecus
472 4081 574 4140 πνεῦμα,
587 4069 635 4125 sed
651 4081 722 4130 aaut
738 4066 856 4123 dixerit:

67 4178 115 4220 eur
130 4178 184 4219 non
205 4163 329 4226 dicimus,
345 4162 413 4232 Quid
434 4179 502 4234 opus
523 4171 582 4219 erat
599 4170 627 4218 ut
639 4162 759 4226 adderet,
772 4161 858 4216 uiuen-

67 4262 127 4322 tettt,
140 4268 201 4310 cum
212 4253 301 4308 attima
315 4248 367 4310 nisi
380 4252 453 4309 uiuat
464 4268 525 4310 esse
538 4268 591 4309 non
605 4252 707 4324 possit?
721 4258 777 4319 aut,
790 4248 858 4318 Qttld

67 4359 136 4415 opus
158 4351 216 4400 erat
237 4353 268 4399 ut
286 4343 407 4412 adderet,
424 4346 491 4411 ultra,
509 4359 570 4401 eum
593 4344 705 4400 dixisset
720 4340 859 4414 spiritum?

67 4436 120 4494 Sed
142 4438 314 4509 intelligimus
331 4438 448 4509 spiritum
470 4437 537 4505 uita,
560 4445 588 4493 et
606 4436 719 4490 animam
738 4435 859 4490 uiuentem

69 4528 233 4600 Scriptttram
250 4543 300 4585 suo
314 4545 389 4587 more
410 4528 521 4596 dixisse,
537 4543 598 4584 eum
621 4526 755 4589 animalia.
771 4525 797 4581 ld
818 4533 859 4580 est

68 4634 180 4691 corpora
203 4620 331 4688 animata,
346 4613 426 4675 vellet
440 4619 562 4690 intelligi,
582 4617 679 4689 quibus
697 4615 797 4672 inesset
811 4628 859 4684 per

68 4710 184 4766 animam
203 4709 359 4781 perspicuus
379 4709 430 4764 iste
451 4709 531 4765 etiam
552 4706 672 4777 corporis
698 4718 803 4760 sensus.
826 4703 856 4758 lu

68 4798 184 4857 hominis
197 4807 285 4855 autent
298 4797 451 4856 conditione
469 4798 663 4862 obliviscimur,
679 4793 857 4866 qttentadmo·

67 4889 132 4946 dum
151 4891 224 4962 loqui
246 4890 383 4962 Scriptura
398 4890 578 4956 consuet-erit,
602 4903 663 4944 cum
681 4901 731 4942 suo
750 4897 859 4956 prorsus

69 4994 145 5037 more
163 4981 250 5037 locuta
265 4981 321 5037 sit:
335 4997 388 5052 quo
402 4982 548 5037 insinuaret
566 4980 702 5036 hominem
716 4979 796 5034 etiam
815 4991 860 5030 ra·

69 5072 162 5128 tionali
174 5072 263 5127 anima
283 5082 401 5144 accepta,
423 5088 501 5145 quam
516 5087 570 5128 non
587 5071 656 5128 sicut
674 5071 786 5126 aliarum
800 5082 860 5125 car·

69 5166 143 5222 nium
162 5166 238 5238 aquis
260 5174 287 5222 ct
309 5175 379 5222 terra
400 5166 618 5239 producentibus,
640 5164 687 5221 sed
709 5164 764 5219 ileo
778 5161 860 5219 flaute

69 5266 186 5314 creatam
199 5258 283 5314 uoluit
292 5257 402 5330 intelligi
415 5275 423 5326 ;
436 5259 476 5315 sic
488 5268 577 5315 tamen
591 5257 700 5323 laetum,
716 5265 745 5312 ut
759 5255 786 5311 in
799 5270 860 5311 eor

70 5362 136 5419 pore
153 5348 272 5417 animali,
286 5348 357 5420 quotl
371 5349 399 5403 ut
412 5351 501 5404 anima
515 5350 541 5405 in
553 5365 588 5407 eo
600 5350 715 5416 uiuente,
731 5346 800 5404 sicut
814 5346 860 5402 illa

70 5438 194 5494 animalia
204 5440 317 5505 vireret,
335 5440 367 5494 dc
377 5439 473 5512 qttiltus
488 5439 565 5507 dixit,
580 5439 709 5495 Producat
723 5449 790 5494 terra
801 5437 859 5492 arri-

70 5545 139 5586 tttaatt
155 5531 276 5588 simutant
289 5547 299 5586 .·
312 5539 340 5587 et
360 5546 419 5599 quae
440 5530 531 5586 itidem
551 5529 615 5586 dicit
636 5529 762 5587 hahuisse
783 5528 810 5584 in
830 5543 860 5584 so

92 5686 113 5780 '2
129 5681 452 5756 stramineutoautcap
483 5683 758 5752 remanseramus.

129 5746 260 5805 ulutatu
273 5751 311 5805 ts.
324 5752 424 5810 must..
458 5802 459 5805 ,

642 295 744 355 steen
766 289 909 352 leuatus
937 295 1093 358 ascitus

897 411 1020 482 spiritum
1032 410 1112 475 vitm
1127 409 1171 466 ulti
1185 408 1264 466 etiam
1285 408 1312 464 iu
1333 422 1420 480 ganeo
1433 421 1485 464 non
1499 407 1566 464 dixit
1587 421 1689 476 aucupa,

898 502 946 559 sstl
959 514 1030 564 aum
1043 520 1050 556 s
1065 516 1118 557 non
1137 502 1227 573 utiquo
1242 500 1371 571 Spiritum
1386 509 1517 567 sanctum,
1529 495 1577 554 sed
1595 514 1687 556 eor-utu

897 592 1015 648 animam
1029 593 1074 647 tall
1088 593 1240 664 exprimens
1253 593 1370 647 nomine.

935 686 963 742 5.
984 685 1037 741 Sed
1057 687 1128 742 euim
1144 687 1191 743 llel
1211 686 1300 750 llatus,
1314 685 1447 755 inquiunt,
1466 684 1512 740 Dei
1532 699 1579 741 ore
1600 685 1692 741 oslsso

899 776 1064 847 intelligitur,
1089 792 1167 848 quem
1189 777 1213 832 si
1234 777 1350 831 animam
1370 775 1573 841 crediderimus,
1595 791 1692 832 conse·
1710 765 1729 781 ''

899 881 982 938 quens
995 866 1047 922 erit
1058 876 1088 921 ut
1100 865 1220 938 ejttsdcm
1236 866 1367 921 fateamur
1386 880 1447 922 esse
1459 864 1626 936 substantioe,
1642 882 1690 939 pn-

900 973 1010 1028 remque
1028 957 1100 1013 illius
1125 956 1279 1029 sapientie,
1300 972 1359 1027 qum
1371 956 1445 1029 dicit,
1460 956 1515 1029 ligo
1533 975 1565 1012 ea
1584 975 1627 1013 ore
1642 958 1691 1013 Al·

899 1048 990 1102 tissitrti
1002 1048 1099 1119 prasidi
1111 1046 1205 1123 (ucrtt.
1218 1063 1295 1117 xxtt,
1311 1047 1350 1120 5).
1369 1046 1428 1104 Non
1442 1047 1548 1119 quidem
1561 1047 1627 1105 dixit
1640 1048 1690 1105 Sa·

899 1140 996 1210 pientia
1015 1156 1062 1196 ore
1080 1140 1127 1197 Dei
1145 1138 1261 1197 elllatant
1282 1156 1312 1197 se
1332 1140 1423 1206 luisse,
1441 1135 1489 1197 scd
1510 1156 1543 1196 es
1565 1141 1623 1213 ejus
1643 1156 1692 1197 oro
1789 1144 1790 1148 ’

899 1232 1031 1308 prodisse.
1047 1233 1121 1289 Sicut
1138 1242 1227 1289 autem
1247 1247 1296 1289 nos
1309 1247 1461 1306 possuntus,
1476 1248 1530 1287 non
1549 1231 1582 1289 de
1600 1242 1691 1296 nostra

899 1332 992 1379 natura
1004 1338 1055 1396 qua
1070 1324 1193 1380 homines
1206 1339 1307 1391 sumus,
1329 1323 1377 1380 sed
1386 1322 1420 1379 de
1432 1324 1483 1378 isto
1503 1338 1565 1378 aere
1576 1323 1692 1402 circum·

899 1415 969 1483 lose,
982 1431 1061 1487 quem
1077 1416 1202 1487 spirando
1214 1432 1246 1473 ac
1260 1413 1416 1486 respirando
1429 1413 1550 1470 ducimus
1561 1429 1593 1469 ac
1607 1413 1690 1470 redu·

898 1507 1010 1575 cimus¹,
1024 1506 1115 1563 ssatum
1129 1507 1218 1563 lacere
1230 1522 1291 1564 cum
1305 1505 1440 1563 snlssnmus
1455 1525 1462 1560 z
1479 1507 1513 1560 ita
1524 1506 1692 1576 omnipotens

900 1599 981 1669 ilaus,
995 1616 1048 1656 non
1063 1599 1098 1658 de
1115 1615 1162 1656 sua
1175 1608 1280 1668 natura,
1303 1613 1391 1671 neque
1404 1598 1438 1654 de
1452 1598 1599 1666 subjacenti
1619 1613 1693 1653 erea-

900 1699 970 1760 tura,
984 1691 1031 1747 sed
1048 1692 1128 1748 etiam
1140 1692 1175 1748 de
1187 1691 1271 1748 nihilo
1290 1691 1375 1762 potuit
1396 1689 1485 1745 lacere
1500 1689 1600 1756 tlatum,
1614 1705 1693 1760 quem

899 1785 1006 1855 corpori
1021 1783 1137 1841 ltominis
1158 1784 1300 1840 inserendo
1322 1782 1465 1855 inspirasse
1480 1782 1522 1838 vel
1543 1781 1694 1839 insulllasto

899 1876 1153 1951 convenientissime
1178 1874 1265 1933 dietus
1288 1883 1348 1942 cst,
1374 1874 1547 1944 incorporeus
1568 1873 1694 1944 incorpo-

900 1983 986 2036 reum,
1005 1968 1052 2025 sed
1067 1968 1238 2024 immutabilis
1255 1965 1427 2031 mutabilem
1449 1963 1511 2036 quia
1525 1979 1577 2019 nou
1590 1974 1698 2020 crenuts.

900 2069 1030 2115 creatum.
1053 2059 1240 2116 Verumtamen
1263 2068 1292 2114 ut
1314 2058 1400 2113 sciant
1421 2057 1475 2122 isti,
1499 2055 1543 2127 qui
1564 2055 1598 2112 de
1619 2055 1694 2112 Seri·-

901 2151 984 2222 pturis
997 2151 1068 2224 loqui
1083 2151 1187 2216 uolunt,
1210 2159 1238 2206 et
1258 2149 1456 2220 scripturarum
1471 2147 1618 2203 locutiones
1639 2161 1694 2202 non

901 2242 1051 2312 advertunt,
1075 2258 1128 2300 non
1150 2242 1202 2299 ltoo
1221 2242 1307 2298 solunt
1328 2240 1381 2297 dici
1403 2239 1477 2296 exire
1500 2254 1535 2295 etr
1558 2252 1605 2294 ore
1626 2237 1694 2302 llei,

901 2333 971 2404 quod
983 2341 1024 2390 est
1037 2334 1146 2406 equalis
1155 2332 1328 2404 ejusdemque
1338 2339 1449 2395 nature,
1464 2329 1581 2392 audiant,
1596 2328 1638 2384 rel
1649 2328 1693 2383 le-

902 2435 966 2499 gant
984 2426 1054 2497 quod
1069 2427 1126 2482 ileo
1146 2425 1252 2482 dicente
1270 2423 1399 2497 seriptum
1411 2429 1453 2478 est
1467 2440 1473 2477 :
1486 2421 1613 2489 Quoniam
1626 2420 1692 2488 tepi-

902 2517 950 2574 dtts
972 2535 1009 2584 es,
1033 2528 1058 2573 et
1079 2533 1157 2589 nepte
1177 2516 1276 2571 calidus
1297 2529 1376 2585 neque
1395 2513 1514 2585 frigidus,
1535 2511 1655 2584 incipiam
1669 2520 1694 2566 ts

903 2626 1015 2666 auertere
1027 2626 1058 2665 es
1076 2626 1120 2665 ore
1131 2625 1186 2664 meo
1197 2609 1288 2680 (alpos.
1302 2622 1342 2674 tu,
1356 2605 1411 2677 tt).

938 2705 965 2760 6.
981 2703 1056 2759 Nulla
1066 2705 1154 2774 itaque
1165 2716 1244 2758 causa
1255 2709 1311 2770 est,
1326 2715 1375 2755 cur
1393 2698 1560 2769 apertissime
1578 2697 1694 2768 loquenti

903 2796 1060 2852 resistamus
1071 2795 1209 2865 Apostolo,
1223 2793 1269 2849 ubi
1281 2793 1315 2848 ab
1327 2791 1459 2863 spirituali
1472 2805 1586 2861 corpore
1599 2805 1697 2860 eorpus

903 2887 1019 2943 animale
1033 2887 1206 2953 discernens,
1220 2884 1247 2940 id
1269 2892 1328 2952 est,
1343 2883 1377 2938 ala
1392 2882 1438 2937 illo
1454 2883 1480 2937 in
1495 2895 1548 2951 quo
1559 2882 1639 2936 luturi
1653 2895 1697 2935 su·

903 2998 977 3049 tuus,
990 2981 1040 3037 ltoc
1053 2980 1080 3035 in
1094 2994 1147 3048 t‚uo
1164 2993 1236 3034 nune
1249 2991 1351 3042 sumus,
1367 2976 1404 3030 ait
1420 2992 1428 3031 :
1445 2975 1592 3030 Seminatur
1605 2988 1697 3043 eorpus

904 3074 1024 3141 anintale,
1035 3083 1121 3145 surpra
1130 3087 1221 3141 eorpus
1231 3069 1362 3141 spirituale
1375 3067 1415 3123 :ss'
1427 3076 1463 3122 est
1473 3082 1565 3136 corpus
1574 3064 1696 3129 animle,

905 3180 942 3225 est
956 3180 979 3224 et
989 3167 1140 3241 spirituale,
1156 3166 1219 3221 sicut
1231 3164 1354 3233 seriptum
1374 3170 1426 3227 est,
1442 3157 1538 3213 Faetus
1549 3167 1587 3211 est
1600 3157 1697 3226 primus

905 3262 980 3316 ltome
995 3258 1077 3314 Adam
1089 3258 1116 3314 itt
1126 3257 1238 3311 unimam
1258 3254 1395 3316 uiuentem,
1412 3249 1560 3305 nemoriatur
1575 3247 1657 3301 Adam
1669 3247 1698 3300 itt

905 3353 1022 3424 spiritum
1033 3349 1207 3418 oioificoutem.
1226 3346 1279 3402 Sed
1296 3361 1347 3399 nott
1360 3343 1469 3415 pmmttut
1487 3339 1554 3413 guod
1566 3339 1698 3410 spirituale

906 3453 951 3512 est,
962 3443 1007 3499 sed
1019 3443 1086 3514 pund
1100 3440 1229 3506 animale:
1243 3447 1344 3510 pastea,
1359 3437 1426 3504 quod
1439 3433 1580 3506 spirituale.
1595 3431 1699 3487 Primus

907 3538 981 3593 demo
993 3537 1025 3590 de
1037 3546 1120 3601 terra,
1134 3543 1264 3599 terrenus,·
1279 3531 1403 3587 secundus
1424 3529 1498 3583 ltonto
1510 3528 1542 3582 de
1553 3527 1632 3591 coelo,
1646 3541 1698 3580 εε-

907 3630 986 3685 lestis.
1001 3627 1092 3696 Qualis
1106 3634 1237 3692 terrenus,
1253 3623 1315 3678 tales
1328 3632 1351 3677 et
1363 3621 1453 3676 terreni
1465 3635 1474 3674 .·
1486 3619 1569 3690 qualis
1580 3616 1697 3682 eoelestis,

908 3721 970 3774 tales
998 3728 1021 3774 et
1047 3718 1167 3773 eoelestes.
1196 3715 1230 3771 Ει
1258 3714 1384 3786 quomedo
1410 3710 1539 3766 induimus
1566 3707 1699 3778 irttapittent

909 3813 1001 3867 temeui
1013 3854 1021 3878 ,
1049 3810 1186 3866 induamus
1212 3817 1236 3864 et
1266 3807 1401 3879 imaginent
1431 3805 1486 3876 ejus
1512 3803 1555 3874 qui
1583 3801 1614 3855 de
1637 3799 1700 3854 coelo

909 3911 945 3959 est
964 3902 985 3975 (l
1007 3903 1120 3968 Corxr,
1145 3899 1229 3957 teta
1241 3897 1261 3971 l.
1284 3899 1321 3953 lte
1334 3897 1429 3968 quibus
1448 3893 1571 3949 omnibus
1590 3898 1700 3961 aposto·

910 3998 967 4053 liris
994 3996 1083 4053 uerbis
1110 3994 1233 4066 superius
1256 3991 1338 4048 locust
1366 4003 1468 4044 sumus.
1492 3987 1595 4056 Corpus
1620 3983 1700 4054 igitur

909 4090 1041 4153 animale,
1065 4088 1091 4146 in
1115 4101 1169 4160 quo
1193 4085 1309 4157 priotum
1332 4080 1468 4137 hominem
1492 4078 1576 4134 aldam
1602 4076 1700 4132 lactum

909 4196 970 4238 esse
990 4180 1054 4236 dicit
1070 4176 1228 4249 Apostolus,
1244 4175 1283 4230 sic
1303 4180 1361 4230 erat
1377 4173 1492 4237 laetum,
1512 4183 1565 4224 non
1591 4177 1621 4223 ut
1639 4180 1700 4221 mo-

910 4272 933 4328 ri
953 4271 1063 4327 omniuo
1085 4284 1139 4324 non
1160 4273 1265 4337 posset:
1287 4262 1333 4319 sed
1349 4271 1378 4317 ut
1394 4276 1447 4316 non
1468 4268 1632 4326 moreretur,
1646 4256 1700 4311 nisi

911 4363 992 4422 homo
1011 4369 1156 4433 peccasset.
1170 4358 1236 4414 llarn
1259 4356 1325 4413 illud
1346 4353 1418 4427 quod
1438 4353 1532 4423 spiritu
1550 4350 1704 4406 tirillcantu

911 4453 1048 4525 spirituale
1057 4452 1108 4509 erit
1117 4459 1145 4508 et
1156 4448 1318 4515 immortale,
1328 4446 1396 4503 mori
1407 4445 1518 4501 omnino
1527 4458 1581 4498 non
1593 4440 1700 4513 poterit.

911 4546 984 4602 Sicut
998 4545 1085 4600 anima
1098 4550 1185 4600 creata
1199 4548 1241 4598 est
1255 4538 1423 4605 immortalis,
1437 4536 1573 4609 quaelicet
1588 4540 1700 4604 peccato

911 4647 1015 4692 mortua
1032 4633 1202 4706 perhibeatur
1215 4646 1310 4688 carens
1324 4630 1438 4702 quadam
1451 4628 1503 4682 vita
1517 4642 1582 4693 sua,
1596 4624 1648 4681 lroc
1659 4631 1702 4680 εει

912 4727 959 4783 Del
973 4727 1089 4798 Spiritu,
1106 4741 1159 4797 quo
1173 4724 1253 4782 etiam
1266 4723 1401 4792 sapienter
1412 4729 1439 4774 et
1453 4720 1530 4775 beate
1544 4718 1635 4772 rivere
1650 4730 1702 4784 pu·

912 4829 982 4876 terat
996 4838 1003 4875 :
1019 4830 1107 4875 tamen
1120 4817 1228 4889 propria
1239 4814 1370 4887 quadam,
1386 4813 1448 4867 licet
1462 4810 1570 4876 misera,
1586 4809 1639 4863 rita
1652 4821 1700 4863 sua

912 4929 966 4969 non
981 4911 1078 4968 desinit
1095 4911 1185 4967 virere
1197 4927 1205 4976 ;
1217 4908 1279 4981 quia
1294 4905 1452 4962 immortalis
1462 4912 1503 4958 est
1513 4911 1612 4957 ereata.
1627 4900 1704 4960 Sicut

911 5004 991 5075 etiam
1010 5001 1160 5058 desertores
1180 4997 1285 5070 angeli,
1309 4997 1371 5051 lieet
1391 4993 1538 5050 secundum
1560 4990 1705 5062 quemdam

912 5096 1020 5151 modum
1047 5092 1145 5149 mortui
1158 5091 1211 5146 sint
1232 5087 1381 5160 percand03
1395 5085 1456 5156 qtria
1466 5085 1567 5139 lontetn
1580 5083 1641 5139 titre
1652 5082 1704 5139 de-

912 5193 1065 5252 seruerunt,
1087 5183 1133 5255 qui
1154 5181 1225 5237 lleus
1248 5188 1300 5248 est,
1320 5193 1398 5249 quem
1419 5175 1553 5247 potando,
1567 5175 1704 5245 sapienter
1779 5215 1781 5218 a

914 5282 1044 5349 beatctme
1062 5281 1185 5349 poterant
1199 5273 1309 5328 rivere:
1331 5282 1418 5326 tamen
1441 5285 1493 5324 nott
1516 5267 1555 5323 sic
1569 5268 1636 5323 mori
1655 5280 1704 5340 pe·

913 5380 1028 5435 tucrum,
1045 5379 1074 5425 ut
1085 5368 1193 5424 omnnio
1205 5366 1365 5422 desisterent
1378 5364 1467 5420 risere
1485 5370 1566 5432 atque
1577 5359 1678 5417 sentiro
1691 5375 1700 5423 ;

912 5467 1037 5538 quoniam
1055 5461 1218 5519 immortales
1231 5459 1313 5515 creati
1326 5466 1407 5514 suut:
1422 5467 1503 5527 atque
1518 5457 1553 5512 ita
1567 5455 1593 5509 in
1608 5468 1706 5510 secuta«

913 5560 975 5617 dam
988 5566 1100 5616 mortem
1112 5564 1172 5625 post
1182 5553 1304 5610 ultimum
1315 5551 1552 5622 praecipitabuntur
1559 5547 1704 5620 judicium,

914 5661 943 5710 ut
957 5665 1007 5708 nec
1021 5649 1074 5705 illic
1087 5648 1142 5704 uita
1151 5653 1275 5710 careant;
1289 5640 1503 5714 quandoquidem
1516 5640 1597 5696 etiam
1608 5651 1706 5707 sensu,

946 5741 958 5779 ⁸
972 5734 1226 5796 amasaeorum
1237 5733 1384 5799 etffillllffle
1396 5729 1529 5789 redditura.
1552 5733 1582 5786 Ι,

1728 5824 1840 6000 Γ
