3900 6390
239 348 292 407 det
739 349 783 406 ue
803 349 961 407 civitate
981 347 1046 415 out,
1066 347 1094 405 S.
1115 347 1296 406 ancestral
1834 346 1886 404 028

277 462 305 519 2.
325 463 399 518 lianc
418 463 499 518 vitam
520 462 624 518 beatam
647 462 726 518 otiam
750 462 875 519 socialem
896 460 1038 534 perbibent
1125 460 1153 515 2.
1166 455 1886 530 Quiseuimsnllreit,quantor-iseloquentiaedundne,

243 568 318 622 csse,
344 570 403 625 quar
423 554 569 609 amicorum
591 555 661 610 bona
686 564 843 625 propterte
865 555 921 625 ipsa
945 552 1039 623 diligat
1088 553 1150 608 ritae
1168 551 1246 622 liujus
1266 551 1387 607 miserias
1406 550 1556 622 explicaret
1568 551 1654 618 Qunam
1668 550 1834 606 lamentatus
1847 560 1889 606 est

243 644 312 702 sicut
331 659 400 713 sua,
421 645 512 716 eisque
525 655 634 716 pmpter
647 645 719 714 ipsos
730 644 782 700 boe
795 645 857 701 uelit
876 643 946 715 qnod
965 642 1036 708 sibi3
1089 641 1183 701 Cicero
1202 644 1228 699 in
1242 642 1431 699 Consolatione
1445 641 1479 699 de
1491 630 1578 698 morte
1593 641 1670 710 dliae,
1694 641 1767 698 slcut
1781 643 1888 713 potnit:

242 734 300 792 slve
314 735 339 790 in
353 733 433 789 domo
446 735 509 803 sint,
525 736 595 790 sient
607 735 704 805 oonjnu
715 744 742 790 et
752 734 829 790 liberi
840 745 867 790 et
876 734 1037 806 quicumque
1089 733 1137 790 sed
1152 743 1279 806 qnantum
1295 733 1418 804 estquod
1433 733 1537 806 muniet
1549 733 1587 788 Ea
1600 733 1701 804 qnippe
1714 747 1778 804 quae
1790 731 1888 788 donn·

248 825 400 895 domestici3
423 828 479 884 sire
494 827 521 882 in
541 827 615 894 loeo,
638 827 681 882 nbi
696 827 791 882 domus
803 827 861 897 ejus
874 836 935 892 est,
960 825 1038 880 sicuti
1089 832 1133 880 tur
1147 825 1231 895 prima
1247 835 1348 880 naturae
1360 866 1367 892 ,
1381 825 1507 896 qnando,
1524 825 1584 892 nbi,
1601 823 1737 897 quomodo
1750 835 1806 879 tam
1821 823 1890 878 bone

242 928 286 976 est
299 921 383 988 urbs,
405 910 510 976 nt'snnt
523 920 549 975 lri
565 921 609 992 qni
624 921 851 985 eir·esrorar1tnr;
872 919 929 975 sire
941 918 967 974 in
982 926 1038 973 toto
1088 929 1119 972 sc
1131 915 1230 972 babere
1253 917 1280 973 in
1301 917 1351 972 bac
1369 917 1423 971 nita
1439 924 1567 986 possunt,
1587 924 1617 972 ut
1637 931 1691 971 non
1712 915 1890 972 subiacentis

243 1011 326 1076 orbe,
346 1019 375 1065 nt
387 1020 448 1066 sunt
461 1018 572 1083 gentes,
595 1025 662 1082 quas
676 1011 699 1067 ei
713 1012 827 1066 societas
840 1009 955 1064 hnmana
970 1023 1037 1065 con·
1088 1008 1196 1065 casibus
1215 1008 1359 1065 fluctuent?
1380 1008 1446 1076 Quis
1466 1008 1539 1065 enirn
1560 1008 1637 1065 dolor
1660 1008 1820 1065 contrarius
1843 1023 1890 1063 so·

244 1100 346 1178 irrugit3
360 1103 416 1160 sire
429 1104 455 1159 iu
469 1105 527 1175 ipso
540 1105 650 1172 mundo,
665 1105 709 1175 qni
722 1114 846 1161 censetur
858 1105 967 1160 nomine
977 1103 1038 1160 eceli
1089 1100 1201 1172 luptati,
1222 1117 1282 1172 quse
1304 1100 1460 1172 inquietudo
1473 1101 1607 1157 contraria
1621 1101 1726 1172 quieti,
1745 1101 1775 1156 in
1789 1115 1889 1170 eorpus

245 1205 274 1252 et
290 1203 379 1262 ternu,
395 1196 464 1252 sient
478 1210 538 1253 esse
556 1196 647 1253 dieunt
659 1196 740 1265 deos,
755 1211 822 1267 qnos
834 1197 928 1253 volunt
939 1197 1040 1253 amieos
1089 1193 1186 1250 eadere
1205 1194 1332 1265 sapientis
1345 1209 1398 1249 non
1411 1194 1518 1264 potestl
1539 1193 1721 1250 llembrornm
1740 1202 1819 1249 certe
1832 1208 1891 1247 aru·

244 1301 305 1344 esse
315 1287 416 1343 lronrini
424 1288 621 1360 sapienti,qnos
631 1304 680 1345 nos
688 1288 1039 1362 lumiliarinsAnqelosdiei-
1091 1285 1191 1356 pontio
1203 1286 1244 1341 rel
1256 1285 1380 1341 debilitas
1389 1284 1506 1341 bominis
1516 1294 1648 1357 exprrpnat
1661 1285 1889 1350 incolumitatem,

248 1390 318 1431 mus.
335 1377 372 1432 ilc
384 1368 965 1435 bonorumnummetceontrariomalornm
981 1378 1041 1434 llari·
1090 1373 1247 1432 deformitas
1267 1375 1512 1446 pulelrritndiuem,
1538 1374 1706 1432 imbecillitas
1727 1376 1890 1442 sanitatem,

246 1467 299 1524 bns
311 1479 408 1540 nogant
419 1470 474 1526 ullo
487 1469 567 1527 modo
581 1485 640 1527 csse
654 1471 838 1538 dubitandum,
851 1480 879 1527 et
892 1470 961 1528 banc
972 1472 1041 1527 inter
1090 1465 1161 1521 tiles
1183 1466 1321 1533 lassitudo,
1346 1465 1522 1522 ¹¹¹⁰bllillll0m
1550 1475 1658 1536 l⁰ll⁰r2
1682 1477 1729 1524 {tul
1757 1467 1890 1524 lvdius:

247 1572 278 1616 se
290 1568 318 1617 et
331 1575 414 1617 noros
426 1562 599 1619 Academicos
608 1563 808 1621 affirmantesse
818 1562 982 1632 distantiam,
992 1580 1042 1621 uec
1091 1557 1186 1628 wduid
1202 1557 1297 1613 hortm
1311 1564 1372 1625 0⁸1,
1386 1556 1459 1628 duod
1474 1567 1589 1630 υθιιιιθιι
1601 1558 1630 1614 in
1640 1574 1751 1616 earnem
1764 1560 1892 1631 sepimtis

247 1663 342 1708 eornm
358 1637 468 1709 interest
477 1654 632 1725 quidquam,
644 1655 702 1712 sine
715 1655 820 1728 cynico,
836 1657 893 1712 sire
903 1656 958 1712 alio
970 1671 1040 1726 quo·

248 1743 313 1801 libet
328 1744 419 1801 lrabitn
432 1755 459 1802 et
471 1747 542 1802 victu
555 1747 582 1803 in
595 1749 636 1804 bis
647 1748 755 1816 linibus,
767 1762 835 1819 quos
845 1763 924 1804 ueros
936 1757 1040 1820 putant,

248 1835 362 1907 quisque
380 1837 594 1909 philosophetur.
608 1839 647 1895 Ex
663 1839 747 1895 tribus
760 1854 839 1911 porro
853 1839 907 1896 illis
918 1841 979 1896 uitae
994 1856 1042 1912 qe·

250 1928 370 1998 neribus,
385 1929 481 1990 otioso.
495 1941 616 1998 aetuoso,
632 1944 660 1988 et
674 1931 744 2004 quud
758 1949 792 1988 ex
807 1940 920 2004 utroque
934 1947 1043 2005 compo-

249 2017 328 2075 sltnru
341 2029 399 2085 est,
423 2021 474 2078 boc
488 2023 595 2078 tertium
609 2024 659 2079 sibi
675 2025 781 2094 quneere
799 2032 965 2080 asseverant.
981 2023 1044 2081 llaec

249 2109 466 2184 sensissemque
488 2112 612 2170 docuisse
635 2114 943 2181 Academicosueteres,
958 2113 1044 2171 Varro

250 2203 356 2270 asserit,
371 2212 481 2260 anctore
493 2204 635 2270 Antiocho,
650 2197 776 2277 magistro
789 2205 928 2263 Ciceronis
942 2215 968 2261 et
982 2221 1042 2274 sno,

250 2308 332 2366 quem
345 2312 410 2353 sane
430 2296 526 2354 Cicero
539 2299 565 2353 iu
579 2298 699 2370 pluribus
714 2298 797 2355 luisse
809 2297 946 2366 Stoicum,
964 2313 1043 2368 qnam

250 2394 370 2442 ueterem
388 2386 577 2452 Academicum
598 2386 656 2442 nult
675 2387 759 2442 rideri
782 2386 831 2457 (o).
852 2385 904 2443 Sed
926 2386 988 2458 qnid
1010 2385 1044 2441 ad

147 2495 156 2506 ·
253 2490 314 2542 nos,
326 2477 596 2548 quipotinsderebns
607 2477 798 2549 ipsiandicare
807 2478 952 2542 debemus,
965 2493 1044 2548 quarn

252 2582 302 2640 pro
315 2568 454 2640 aregunde
465 2568 618 2626 bominibus
631 2569 694 2642 qnid
706 2570 819 2642 quisque
832 2570 946 2626 senserit
957 2569 1046 2626 scirel

253 2678 367 2738 CAPUT
387 2680 527 2737 lt.-1>e
538 2698 636 2738 summo
652 2682 717 2737 dono
736 2693 760 2737 et
778 2699 877 2737 musmo
895 2683 962 2738 naulo
985 2683 1046 2754 quid

291 2769 427 2827 Christiani
446 2773 554 2828 sentiunt
567 2783 655 2828 contro
667 2773 847 2847 philosophos,
867 2775 910 2847 qui
922 2792 1047 2831 suerranum

292 2860 385 2916 bouum
399 2861 523 2917 inscribi
537 2879 590 2918 esse
598 2863 726 2918 dicerunt.

291 2991 319 3046 l.
335 2991 364 3047 st
376 3005 440 3063 erqo
453 3003 611 3062 oneratura
622 2993 708 3060 nobis,
721 2993 784 3065 qnid
796 2994 890 3050 civitas
900 2994 948 3050 liei
959 2994 994 3051 de
1007 2994 1049 3050 bis

254 3079 369 3154 singulis
382 3083 541 3154 interrogata
556 3086 726 3156 respondeat,
736 3102 768 3143 ac
778 3087 891 3158 primum
905 3087 939 3144 de
951 3088 1048 3144 srnibns

256 3174 388 3234 bonomo
402 3177 584 3249 malorumque
598 3177 661 3249 qnid
670 3179 777 3244 sentiat,
785 3178 956 3250 respondebit
967 3189 1048 3236 teter-

256 3281 319 3325 uam
340 3268 423 3325 ritum
448 3284 508 3325 esse
532 3284 666 3326 srrmmnm
687 3270 807 3333 bonum,
831 3279 959 3326 aeternam
984 3285 1049 3326 uero

258 3366 371 3414 mortem
386 3373 518 3414 summum
531 3360 630 3418 malum
642 3377 649 3415 :
660 3370 768 3432 propter
779 3361 850 3416 illam
865 3360 978 3430 proinde
989 3359 1048 3417 adi·

257 3447 428 3517 piscendam,
445 3450 574 3521 istamque
587 3450 721 3506 uitandam
731 3492 739 3515 ,
751 3460 825 3508 reete
838 3452 915 3507 nobis
928 3465 988 3508 csse
1006 3452 1048 3506 ri·

257 3539 383 3594 rendum.
392 3540 504 3608 Propter
513 3539 583 3611 qnod
593 3542 721 3610 seriptum
730 3551 782 3609 est,
790 3541 919 3599 damasec
926 3543 977 3612 lide
989 3542 1048 3598 uiuit

257 3628 392 3700 (lindonae
405 3645 434 3693 n,
445 3644 478 3695 ις
492 3628 577 3684 Galat.
590 3646 629 3696 ιιι,
641 3631 686 3704 ll)
697 3632 837 3703 :qnoniam
850 3647 936 3704 neque
950 3632 1048 3689 bonnm

258 3727 377 3775 nostrum
400 3719 455 3788 jam
476 3719 616 3788 uidemus,
639 3721 709 3776 unde
730 3730 837 3790 oportet
863 3733 891 3776 nt
915 3721 1050 3778 eredendo

256 3825 422 3882 quaeramus;
439 3826 526 3882 neque
540 3810 627 3882 ipsum
642 3821 715 3868 recte
726 3812 816 3868 ninere
830 3813 905 3869 nobis
919 3828 954 3870 ex
971 3813 1049 3869 nobis

257 3910 317 3965 est,
336 3903 386 3956 nisi
405 3902 545 3958 eredentes
565 3901 673 3973 adjuret
685 3911 712 3958 et
723 3910 848 3971 orantes,
864 3903 909 3975 qni
923 3914 950 3961 et
963 3905 1048 3976 ipsam

258 3991 339 4048 iidem
358 3990 449 4058 dedit,
472 4008 523 4064 qna
540 4007 589 4048 nos
601 3993 636 4049 ab
650 3994 695 4049 illo
707 3992 870 4065 adjuvandos
881 4010 941 4051 esse
953 3996 1049 4052 creda·

258 4097 329 4138 mus.
346 4081 484 4137 llliantcm
496 4083 580 4154 quiin
593 4084 642 4140 ista
655 4086 709 4139 sita
723 4086 789 4139 lines
803 4083 973 4142 bonorumet
987 4099 1047 4140 ma-

258 4175 346 4229 lornm
356 4187 416 4228 esse
428 4183 597 4243 putaverunt,
605 4175 663 4230 sire
677 4175 704 4230 in
714 4189 836 4245 corporo,
846 4175 902 4231 sive
912 4175 938 4231 in
948 4175 1049 4243 animo,

258 4264 316 4323 eine
330 4264 356 4318 iu
371 4275 484 4334 utroque
498 4277 627 4333 ponentes
639 4280 772 4320 summum
786 4266 903 4333 bonnm;
918 4275 1008 4336 atque,
1020 4275 1050 4322 nt

253 4356 286 4419 ‚id
298 4357 455 4427 explicatius
473 4357 593 4427 eloquar,
609 4359 667 4414 sive
681 4360 707 4414 in
720 4358 870 4429 voluptate,
885 4359 942 4415 sire
956 4358 983 4414 in
995 4358 1050 4414 uir-

259 4456 334 4516 tute,
357 4448 414 4504 site
426 4448 452 4503 in
465 4458 593 4519 utraque;
607 4449 663 4505 sive
677 4449 704 4504 in
719 4450 819 4520 quiete,
834 4449 890 4505 sire
902 4449 928 4505 in
940 4449 1048 4517 uirtute,

258 4538 316 4596 tire
337 4538 363 4593 in
383 4548 510 4609 utraqne;
531 4539 587 4595 sire
606 4539 631 4593 iu
647 4539 781 4608 voluptate
797 4540 875 4594 simul
898 4546 926 4595 el
942 4539 1049 4611 quiete,

260 4630 318 4687 sine
330 4630 356 4685 in
368 4630 477 4698 uirtute,
487 4631 544 4685 sire
552 4630 578 4685 in
588 4630 723 4700 utrisqne;
737 4630 794 4687 sive
802 4630 828 4685 iu
836 4630 929 4700 primis
937 4638 1049 4696 naturae,

260 4725 320 4782 sive
339 4725 367 4780 iu
380 4724 488 4790 virtute,
512 4723 609 4779 sivein
624 4722 743 4793 utrisque
752 4740 758 4775 :
767 4722 810 4778 bic
824 4722 893 4778 beati
906 4735 983 4787 esse,
996 4729 1050 4777 eta

259 4832 291 4876 se
301 4818 366 4890 ipsis
377 4817 446 4874 beati
460 4817 518 4873 lieri
532 4817 599 4871 mira
609 4815 726 4871 vanitate
737 4814 889 4869 uoluerunt.
904 4813 988 4869 irrisit
1001 4813 1051 4868 bos

261 4908 368 4967 Veritas
386 4925 434 4981 per
446 4909 602 4981 proplietam
616 4908 764 4972 dioentenr,
781 4905 859 4961 Novit
874 4904 997 4960 Dominus
1009 4921 1052 4960 co·

263 5002 397 5070 citationes
410 5001 539 5055 dominnm
546 5016 556 5066 ;
571 4999 624 5066 nel,
635 4999 703 5056 sient
712 4998 764 5052 lroc
773 4997 952 5053 testimonium
964 4997 1052 5065 posuit

259 5092 397 5160 apostolus
415 5093 531 5159 Paulus,
556 5090 680 5145 Dnmiaus
694 5090 762 5144 nouit
773 5089 936 5160 copitutiones
949 5088 1052 5156 snpien-

259 5183 332 5248 tiem,
343 5184 462 5251 queamus
471 5199 543 5239 nance
551 5192 609 5238 sunt
619 5179 706 5253 (Psoi.
716 5197 790 5250 xcrn,
802 5181 832 5237 ll
843 5198 851 5248 ;
861 5179 937 5238 ldor.
947 5196 986 5248 ιιι,
994 5178 1051 5251 2⁰).

292 5336 329 5399 (n)
340 5337 383 5387 liic
393 5337 521 5389 Antiochus
536 5337 667 5388 Ascalonita
688 5337 743 5398 brit,
761 5337 891 5402 docuitque
902 5339 1052 5398 (iseronem,

260 5405 402 5457 samonem,
413 5398 534 5448 tunellum
546 5399 642 5452 etalios
653 5399 790 5510 Jlerosque
812 5400 908 5450 nobiles
924 5407 1052 5459 tomaene:

260 5461 461 5524 sequebaturque
478 5467 589 5510 veterem
608 5470 652 5512 Ace
670 5464 767 5522 entiam,
779 5462 824 5512 sed
835 5464 868 5512 ita
879 5461 946 5512 etad
956 5462 1055 5511 zenoni-

260 5534 313 5571 orrn
324 5529 416 5572 sectam
431 5519 571 5581 inclinaret;
583 5535 687 5585 eamque
708 5537 755 5573 non
772 5531 820 5573 tarrr
831 5524 932 5574 Stoicam
951 5521 1054 5585 discipli·

261 5595 317 5632 uam
328 5595 412 5634 noram
423 5583 552 5633 vocandam
562 5586 710 5642 autumabat,
725 5598 797 5657 qnam
806 5588 911 5656 antiquae
923 5583 1054 5634 academiae

262 5646 439 5695 annectionem
451 5658 457 5694 :
470 5645 558 5694 ideirco
569 5645 623 5706 ejus
635 5647 739 5696 aonoctn
759 5652 784 5697 et
794 5646 827 5696 de
837 5647 892 5696 alnis
909 5647 987 5695 rebus
997 5659 1054 5708 per·

262 5705 346 5757 unitis
356 5713 382 5759 et
394 5707 511 5769 inprimis
520 5705 553 5756 de
563 5719 658 5756 ιιιιιιιιιο
675 5708 741 5758 bono
751 5709 873 5759 sententia
889 5713 964 5757 uarro
973 5712 1052 5765 nuto,

208 5784 213 5792 ·
262 5778 304 5828 qm
316 5767 370 5830 elus
385 5766 485 5819 natrem
494 5766 618 5826 audebat,
635 5770 780 5834 morisque
798 5769 882 5821 stoicis
893 5767 1053 5822 uehementer

264 5829 422 5884 urebarlmtur.
432 5837 488 5883 uro.
501 5838 578 5884 iiras.

1091 1648 1212 1705 irruerel
1235 1648 1326 1705 Status
1346 1663 1453 1721 qnoque
1477 1653 1600 1722 corporis
1613 1660 1694 1722 atque
1709 1662 1818 1720 motus,
1831 1667 1891 1709 cum

1091 1737 1217 1795 decentes
1233 1747 1314 1809 atque
1325 1749 1502 1810 eorrprnentes
1516 1747 1588 1807 sunt,
1604 1740 1675 1797 inter
1688 1749 1795 1797 naturae
1807 1741 1892 1812 prims

1092 1837 1280 1886 numerantur:
1290 1829 1337 1887 sed
1349 1831 1411 1902 quid
1422 1831 1445 1886 si
1455 1831 1542 1902 aliqua
1553 1831 1621 1888 mala
1632 1833 1760 1889 valetudo
1772 1833 1893 1889 meurbn

1094 1930 1212 1977 tremore
1233 1921 1386 1977 concutiat?
1409 1920 1516 1993 quidsi
1536 1937 1622 1994 usqne
1642 1923 1676 1978 ad
1698 1923 1842 1994 ponendas
1867 1925 1893 1979 in

1093 2021 1192 2069 terram
1218 2028 1313 2070 manns
1336 2012 1409 2069 dorsi
1436 2012 1513 2084 spina
1541 2024 1683 2083 curvetur,
1707 2021 1736 2072 et
1754 2014 1893 2071 bominem

1093 2103 1293 2175 quodammodo
1320 2104 1521 2176 quadrupedem
1544 2106 1643 2162 laeiatl
1667 2120 1759 2163 nonne
1784 2121 1893 2163 ornnem

1095 2194 1230 2249 statuendi
1242 2194 1363 2266 eorporis
1376 2204 1404 2253 ct
1416 2196 1541 2252 movendi
1554 2201 1671 2267 speciem
1684 2196 1823 2269 domoque
1832 2214 1894 2270 per·

1094 2285 1198 2340 uertetl
1215 2284 1283 2353 Quid
1305 2285 1389 2356 ipsius
1408 2286 1490 2342 animi
1505 2287 1663 2358 primigenia
1678 2303 1740 2359 quae
1751 2290 1893 2360 appellau-

1095 2383 1139 2431 tnr
1160 2375 1249 2441 bona,
1274 2375 1320 2432 nbi
1342 2376 1397 2432 duo
1417 2377 1502 2448 prima
1524 2385 1625 2447 ponunt
1645 2373 1756 2450 propter
1768 2393 1894 2451 compro·

1096 2463 1254 2521 bonsiouom
1280 2467 1531 2538 perceptionemque
1556 2466 1697 2536 veritatis,
1725 2483 1841 2524 sensnm
1866 2477 1894 2525 ct

1097 2552 1279 2611 brtellectnrnl
1295 2555 1348 2613 Sed
1363 2557 1449 2628 qualis
1461 2565 1628 2631 quantusque
1640 2567 1763 2615 munanet
1781 2573 1892 2626 anun,

1095 2647 1131 2713 si,
1147 2653 1176 2700 nt
1189 2646 1239 2701 ulia
1255 2654 1356 2702 taccam
1369 2688 1377 2712 ,
1391 2646 1438 2703 dat
1451 2647 1532 2705 bomo
1544 2647 1644 2705 surdus
1654 2657 1683 2705 et
1694 2649 1802 2706 occusl
1816 2649 1894 2706 llario

1096 2750 1162 2793 reru
1184 2745 1213 2793 et
1235 2737 1408 2809 intelligentia
1428 2754 1482 2810 quo
1498 2738 1616 2806 recedet,
1637 2739 1683 2794 rrlri
1706 2740 1850 2811 sopietur,
1871 2741 1893 2797 si

1097 2828 1186 2900 aliquo
1212 2828 1306 2885 morbo
1329 2829 1461 2887 elilciatnr
1484 2830 1612 2887 insannsl
1632 2831 1788 2888 Plnrenetici
1811 2831 1893 2887 muln

1097 2919 1213 2977 absurda
1232 2937 1294 2977 cnm
1306 2920 1415 2988 dieunt,
1435 2922 1476 2977 rel
1491 2922 1607 2988 iaciunt,
1621 2923 1811 2994 plerumqnea
1824 2923 1894 2980 bono

1098 3026 1147 3067 sno
1162 3012 1300 3082 proposito
1313 3021 1341 3067 et
1353 3011 1472 3068 moribus
1493 3012 1594 3079 aliena,
1611 3012 1665 3067 imo
1679 3027 1729 3068 suo
1741 3012 1816 3069 bono
1830 3026 1893 3084 pro·

1099 3106 1186 3177 posito
1199 3105 1371 3175 moribusque
1380 3105 1525 3170 contraria,
1538 3103 1596 3160 sire
1607 3104 1653 3160 illa
1665 3104 1827 3176 sopiremus,
1838 3106 1894 3162 sira

1098 3197 1252 3264 rideamus,
1276 3197 1299 3253 si
1318 3195 1399 3267 digno
1411 3194 1631 3262 consideremus,
1653 3195 1789 3268 lacrymas
1801 3203 1894 3252 lenem

1099 3289 1142 3345 nix
1159 3301 1319 3358 possumus,
1333 3296 1378 3342 ant
1392 3285 1460 3343 lorte
1474 3301 1524 3342 nec
1539 3300 1680 3356 possumus
1689 3287 1709 3339 ¹.
1724 3286 1795 3356 Quin
1806 3286 1893 3343 diosn

1090 3379 1134 3436 de
1146 3378 1199 3444 his,
1211 3379 1255 3449 qni
1269 3378 1419 3434 daemonum
1433 3377 1569 3448 patiuntur
1579 3377 1720 3433 incursusl
1730 3378 1777 3433 ubi
1793 3377 1893 3434 trabem

1099 3471 1281 3528 absconditam
1292 3470 1335 3527 nel
1345 3470 1466 3527 obrutam
1479 3468 1680 3541 intelligentiam
1690 3483 1780 3538 marn,
1788 3469 1894 3540 quando

1100 3561 1246 3619 secundum
1265 3576 1340 3616 snam
1355 3561 1517 3617 voluntatem
1529 3570 1557 3616 et
1571 3561 1658 3616 anima
1671 3575 1768 3618 eorum
1785 3571 1816 3618 ct
1832 3577 1894 3618 oar·

1100 3668 1167 3727 pore
1186 3654 1318 3725 malignus
1339 3654 1422 3709 utitur
1434 3654 1564 3723 spiritual
1584 3653 1620 3709 Et
1642 3654 1703 3725 quis
1721 3654 1833 3711 conddit
1846 3656 1895 3713 boc

1100 3745 1200 3802 malum
1215 3745 1242 3800 in
1255 3745 1366 3799 bannita
1376 3745 1486 3800 everrire
1498 3759 1551 3798 non
1562 3745 1784 3816 possesapiontil
1794 3747 1894 3804 lleiude

1100 3837 1239 3910 perceptio
1249 3837 1369 3892 veritatis
1383 3835 1408 3889 in
1424 3835 1473 3890 bac
1487 3850 1568 3891 carne
1579 3833 1666 3907 qualis
1675 3845 1892 3907 antqnantaest,

1099 3925 1224 3998 qnando,
1249 3925 1318 3982 sicut
1339 3925 1452 3996 legimns
1477 3925 1504 3980 in
1528 3925 1617 3981 ueraci
1641 3924 1710 3982 libro
1733 3925 1894 3996 Sapientiae,

1101 4019 1199 4091 Corpus
1210 4019 1373 4088 sumptibile
1391 4026 1512 4089 nqqrnnnt
1531 4019 1653 4082 nmmum,
1673 4027 1699 4072 et
1712 4018 1832 4089 depuduit
1845 4029 1895 4075 ter·

1100 4129 1163 4168 reric
1174 4112 1323 4167 inhabitatio
1333 4127 1433 4166 seucum
1443 4111 1523 4165 nrultn
1533 4110 1685 4182 coqltnntem
1693 4109 1772 4181 (Sap.
1784 4126 1824 4178 rx,
1833 4112 1895 4182 titt

1103 4202 1218 4273 impetus
1237 4217 1318 4273 porro
1336 4201 1378 4256 rel
1399 4201 1511 4256 aetionis
1528 4201 1677 4273 appetitus,
1696 4201 1719 4255 si
1741 4201 1795 4258 lrrtc
1816 4203 1895 4258 modo

1102 4302 1175 4352 reete
1194 4293 1276 4349 latino
1297 4291 1446 4363 appellatur
1459 4307 1491 4347 ca
1505 4307 1584 4362 qnam
1598 4290 1685 4348 Graeci
1700 4303 1799 4348 nocant
1810 4299 1894 4364 ὁρμήν,

1101 4385 1163 4456 qnia
1171 4385 1290 4455 etipsarn
1301 4383 1394 4454 primis
1407 4382 1650 4452 noturue'deputant
1662 4382 1740 4438 bonis
1748 4383 1896 4456 (n),rmnne

1102 4477 1160 4549 ipse
1174 4485 1230 4545 est,
1251 4491 1306 4548 qno
1317 4485 1446 4547 geruntur
1457 4476 1539 4531 etiam
1555 4476 1709 4530 insanorum
1723 4475 1764 4531 illi
1784 4477 1894 4533 numera·

1102 4569 1171 4627 biles
1184 4579 1290 4637 motus,
1303 4580 1330 4625 et
1344 4569 1413 4626 laeta
1428 4584 1488 4639 qnae
1500 4567 1652 4635 horremus,
1668 4569 1776 4639 qnando
1788 4585 1896 4642 perrer-

1103 4662 1167 4718 titur
1179 4676 1274 4718 senatu
1287 4660 1409 4731 ratioqne
1421 4659 1542 4739 sopitnrl

1138 4757 1165 4812 5.
1181 4755 1266 4810 Porro
1278 4745 1340 4824 ipsa
1349 4753 1453 4818 virtus,
1474 4768 1533 4824 qnae
1546 4766 1598 4806 non
1612 4760 1652 4808 est
1666 4751 1737 4807 luter
1752 4752 1839 4822 prima
1851 4767 1896 4808 na-

1103 4857 1187 4914 tnrre,
1208 4846 1333 4918 qnoniam
1347 4845 1388 4901 eis
1401 4853 1493 4914 postea
1512 4842 1633 4898 doctrina
1647 4841 1835 4899 introducente
1848 4858 1895 4900 su·

1104 4938 1241 5010 pervenit,
1256 4952 1317 4993 cnm
1331 4935 1382 4991 sibi
1401 4936 1530 4991 bonorum
1544 4932 1649 4989 eulmen
1662 4931 1783 4990 vindicet
1803 4933 1897 4988 boma·

1104 5046 1210 5093 norum,
1225 5028 1290 5099 qnid
1310 5026 1354 5082 hic
1368 5027 1421 5098 aqit
1436 5025 1486 5081 nisi
1501 5032 1629 5095 perpetua
1644 5023 1713 5079 bella
1728 5038 1790 5079 cum
1805 5022 1896 5085 uitiis.

1104 5137 1155 5178 nec
1167 5119 1361 5185 exterioribus,
1381 5115 1429 5174 sed
1453 5104 1638 5181 interioribns;
1653 5113 1829 5180 necalienis,
1850 5113 1897 5168 sed

1104 5213 1183 5283 plane
1205 5210 1302 5268 nostris
1321 5219 1349 5264 ot
1368 5207 1497 5278 propriis;
1519 5205 1634 5261 maxime
1653 5205 1708 5270 illa,
1728 5220 1790 5276 qnte
1812 5220 1898 5276 graece

1104 5311 1247 5376 supposita,
1261 5302 1342 5358 latine
1353 5299 1525 5371 temperantia
1539 5298 1702 5364 nominatur,
1714 5312 1766 5368 qua
1777 5299 1898 5352 conrates

1105 5397 1243 5452 irenarrtnr
1266 5393 1400 5462 libidines,
1424 5409 1458 5448 ne
1480 5395 1506 5447 in
1528 5406 1639 5463 qnaeqne
1663 5389 1761 5460 llaqitia
1781 5398 1897 5446 nrcnteur

1139 5614 1215 5666 *sola
1236 5614 1309 5664 editio
1328 5613 1509 5665 toramensinm
1530 5611 1628 5671 omittit,
1642 5613 1684 5659 out
1700 5609 1763 5672 [orte
1778 5620 1822 5660 nee
1845 5620 1897 5671 pus·

1105 5691 1251 5888 ΣΞΞῈἮ.
1259 5759 1338 5872 green.
1350 5760 1393 5812 lib.
1402 5759 1418 5812 A
1428 5757 1460 5812 de
1469 5757 1575 5819 sinibus,
1583 5766 1636 5822 nep.
1649 5751 1675 5818 d,
1687 5759 1713 5807 et
1724 5744 1767 5808 Ab.
1778 5749 1837 5807 lde
1847 5758 1898 5804 nst.

1170 5858 1185 5890 .,
1242 5860 1247 5873 .
