3900 6390
166 294 217 344 ttttt

168 405 279 458 vitatem
292 406 412 474 religiosa
430 406 513 457 h'itnla
529 421 578 458 uua
589 420 648 456 vum
663 401 770 466 uenena
782 414 827 451 sua
844 398 954 468 aliisque

168 472 303 543 religiosis
317 474 422 530 leminis
437 477 517 538 venit,
543 486 655 542 tntaque
678 486 724 525 sua
745 470 778 522 dc
798 469 882 522 salute
896 468 956 520 lilire

168 542 245 609 plenta
263 553 290 597 et
304 546 418 614 perlecta
439 545 544 599 tllvristo
563 543 672 596 hntvrrino
693 538 843 607 Christique
864 537 957 591 ¹littico

168 615 193 664 to
220 623 368 682 conspeeut
393 615 478 668 oannis
501 625 598 668 nostre
622 610 748 667 Ecclesiae
766 606 956 676 congaudentis

166 689 247 749 nuque
264 685 473 753 congratulantis
489 683 607 737 hilariter
620 680 743 741 reddidit,
763 677 896 732 ferventer
907 692 956 730 cx·

168 751 265 820 hibuit,
283 751 470 823 fructuoseque
480 754 614 822 persolvit.

166 841 286 899 CAPUT
298 844 340 900 lll.
348 844 501 899 -llottntnt
516 845 617 914 qttidom
631 842 777 910 apothecam
790 839 893 901 hahens,
904 841 958 907 (ere

204 914 318 969 ducenta
333 932 390 969 mro
403 917 453 969 eint'
464 925 583 985 corrupto
595 914 694 980 reperit,
713 911 785 977 catina
795 910 869 978 jusso
883 907 957 959 tvaim·

201 992 254 1036 ster
271 983 385 1056 lagenam
399 1002 431 1039 ca
443 986 557 1039 nornilttta
568 990 634 1038 namt
645 981 775 1103 iotgtletnnt
788 979 917 1042 attulerat,
929 985 958 1057 ct

201 1053 237 1104 ttd
254 1065 368 1110 mactum
380 1055 537 1125 Stephanum
547 1053 677 1114 emacem
694 1052 749 1120 ique
763 1065 857 1117 portcnr
866 1056 956 1110 oroott,

203 1130 229 1174 el
243 1141 354 1180 reterrtts
364 1142 422 1178 cttm
434 1126 533 1196 ιιιιιιι,
544 1125 569 1177 itt
580 1123 693 1177 ootnibttt
704 1121 769 1175 onds
781 1134 813 1173 ex
822 1117 909 1173 endem
919 1117 959 1169 itt·

210 1195 286 1264 fredit,
302 1204 325 1249 et
338 1205 481 1264 repnrntttot
497 1203 534 1249 cat
548 1196 641 1248 ninum.

209 1286 326 1339 bonatus
346 1285 452 1354 qnidam
472 1285 568 1340 dicitur
586 1284 683 1344 homo,
699 1294 763 1334 sane
777 1275 957 1333 honestissimi

174 1371 279 1424 quoque
294 1357 351 1419 lilii,
369 1357 476 1409 trotuioe
489 1355 599 1413 Rustici,
615 1355 797 1423 praelia-torum
814 1348 956 1402 rtvrvnerarii

175 1426 279 1479 evinctis
294 1426 360 1480 berte
376 1426 520 1491 notissimi,
534 1433 618 1495 pater.
635 1422 682 1476 llic
695 1423 720 1474 in
736 1419 817 1473 lundo
828 1434 877 1471 suo
893 1418 956 1471 sub·

175 1495 277 1548 trrltano
290 1511 350 1549 cnut
369 1495 427 1550 loco
448 1507 475 1551 et
494 1496 601 1550 nornine
619 1493 735 1545 vocitato
758 1489 832 1559 probi
851 1489 957 1557 generis

176 1565 237 1617 vina
257 1566 398 1634 quotannis
419 1565 535 1621 condere
553 1574 581 1619 et
603 1576 760 1618 conservare
772 1567 955 1613 consueverat.

177 1635 298 1701 interea,
318 1644 347 1689 nt
374 1637 571 1703 possessoribus
595 1648 653 1687 tnos
678 1640 737 1697 est,
758 1628 956 1692 eontivvndoruot

176 1712 323 1772 nqrrrestunm
347 1719 445 1772 cansa,
459 1705 590 1776 quoslibet
615 1713 692 1756 terrae
713 1699 843 1768 repositos
858 1698 957 1751 lructns

178 1785 240 1828 tnnc
254 1774 332 1829 malle
345 1776 452 1830 venales
465 1774 628 1843 emptoribus
642 1771 789 1840 publicare,
806 1783 866 1824 eum
888 1767 957 1820 rotis

177 1852 360 1910 ιιιιιιιιιιιιι
386 1845 519 1900 lucrorum
544 1844 663 1898 avariora
691 1849 852 1894 concurrunt
874 1837 957 1906 pretia

177 1924 336 1982 tervvporum.
351 1915 436 1969 visum
450 1923 492 1971 est
505 1921 651 1969 memorato
664 1911 772 1966 domiuo
784 1908 885 1977 praedii,
897 1922 957 1961 eum

177 1981 292 2050 quodam
305 1983 412 2040 homine
425 2001 484 2050 suo,
498 1984 552 2039 riui
565 1984 666 2038 scilicet
679 1988 813 2051 gustatore
829 1976 958 2047 peritissi-

178 2067 232 2116 rno,
246 2053 401 2123 apothecam
411 2070 485 2109 suam
499 2054 621 2126 primitus
634 2054 742 2115 intrare,
753 2064 784 2100 ac.
797 2064 843 2116 pet·
856 2048 957 2116 singula

177 2137 240 2175 vasa
253 2124 428 2179 examinando
440 2127 500 2178 vina
513 2123 669 2195 approbare.
684 2120 741 2187 Quo
757 2118 842 2183 lacto,
858 2134 918 2171 mox
931 2126 958 2170 ut

177 2193 331 2260 ‹legustator
343 2197 465 2249 haustum
475 2195 545 2250 vasis
558 2208 659 2248 merum
672 2189 797 2269 applicuit
809 2187 909 2255 jndicio
921 2186 959 2240 la·

179 2262 290 2327 ltinrvvm,
305 2264 430 2318 continuo
443 2263 587 2334 stupefacta
602 2263 628 2316 irt
643 2261 749 2314 ltoniute
762 2273 808 2312 ora
821 2257 958 2325 nutansque

178 2331 376 2398 palluereham
388 2333 562 2402 praeterquod
577 2333 631 2386 tini
644 2330 793 2385 teterrimus
802 2328 875 2382 color
884 2342 959 2380 aver-

178 2400 288 2454 sandum
301 2404 384 2457 oculis
394 2421 425 2459 ex
436 2420 465 2459 se
475 2403 602 2458 ollereltat
611 2410 756 2471 aspectum,
769 2398 847 2452 etiarn
861 2397 958 2450 tristis-

177 2472 260 2524 simus
274 2487 352 2541 sapor
365 2473 439 2528 labiis
455 2474 620 2529 moerendum
633 2468 770 2543 ingerebat
781 2476 895 2538 gustum.
908 2465 959 2521 lle·

179 2555 308 2595 romeam
325 2542 375 2598 hoc
387 2545 483 2599 malum
500 2545 525 2597 io
540 2558 593 2596 uno
613 2550 713 2596 mutum
732 2552 795 2592 vase
814 2538 959 2592 consistere

178 2620 331 2679 putaretur,
353 2628 405 2667 nou
429 2623 482 2667 tarta
508 2613 664 2666 molestante
685 2608 834 2664 ιΙιιιιιιιιιιι1
857 2607 958 2675 jactura

179 2679 373 2747 patrisfamilias
387 2683 539 2738 habebatur.
552 2687 586 2736 dt
601 2682 643 2736 uhi
659 2696 705 2749 per
715 2677 816 2747 singula
828 2692 889 2730 vasa
902 2692 957 2732 coe·

179 2760 252 2816 ptum
265 2759 305 2804 est
319 2753 435 2815 circuiri,
449 2754 618 2821 oontiimoque
632 2764 766 2811 vasorum,
783 2746 808 2800 id
823 2757 864 2800 est
877 2745 960 2801 lervtve

178 2821 366 2885 tlvvcentorom,
381 2837 506 2877 numerus
522 2821 687 2876 exrtvnioatus
705 2819 826 2871 siruiliter
844 2816 957 2886 degene-

179 2905 251 2943 rasse
271 2906 302 2945 ac
322 2891 458 2959 ‹letterisse
481 2900 601 2962 repertus
623 2899 677 2955 est;
694 2888 753 2957 aquis
776 2895 839 2940 tnnc
862 2886 958 2941 ibidem

179 2961 258 3013 laverit
271 2963 431 3029 possessoris
444 2964 563 3027 animus,
579 2961 637 3029 quis
651 2960 732 3029 ipsius
744 2957 904 3027 apothecarii
919 2957 958 3011 lu-

178 3040 246 3091 ctus,
256 3038 318 3098 puto
329 3032 398 3100 quod
412 3033 533 3103 ignorare
543 3046 595 3085 nou
607 3030 689 3100 possit
699 3029 785 3083 omnis
796 3027 959 3096 compatiens

179 3101 283 3154 anianus
297 3100 434 3157 hermanus.
451 3101 508 3157 Non
521 3102 592 3156 enim
605 3114 696 3155 revera
710 3097 847 3153 minimum
860 3105 886 3151 et
896 3113 960 3151 eou-

180 3170 349 3224 temnendum
363 3171 549 3226 detrimentum
562 3170 721 3226 damnumve
734 3168 898 3237 contigerat,
912 3167 958 3221 sed

179 3238 302 3307 attrectata,
318 3250 346 3295 ut
360 3241 424 3307 dixi,
439 3241 494 3298 lere
525 3259 565 3295 vae
578 3239 735 3310 putabantur
747 3253 809 3292 vasa
824 3237 886 3290 rino
899 3253 960 3293 sua·

179 3310 287 3364 vissimo
301 3311 462 3392 plenissima,
477 3260 568 3367 eadent
582 3309 743 3366 econtrario
760 3307 959 3376 reperiebantur

180 3393 230 3433 ttec
242 3389 326 3445 acett,
340 3381 386 3435 sed
401 3382 536 3450 cujusdam
550 3378 740 3449 corruptissimi
755 3387 782 3432 et
796 3376 959 3431 laecttleutis·

180 3448 240 3502 simi
255 3451 365 3519 liquoris
377 3453 499 3574 sqrralore
513 3452 665 3520 adimpleta.
687 3448 754 3516 Quid
769 3456 860 3516 ageret
872 3446 907 3501 ita
920 3449 959 3503 rei

180 3516 314 3573 labefactae
327 3534 381 3573 snae
412 3522 526 3585 ominus,
539 3521 677 3573 vindemiae
689 3533 744 3571 snm
759 3516 891 3571 interitum
906 3531 958 3572 nott

179 3587 265 3642 adhuc
280 3589 305 3642 in
319 3590 432 3651 vitibus.
445 3591 509 3654 sed,
524 3591 594 3660 vantd
604 3598 643 3644 est
656 3589 771 3659 grannius,
787 3587 812 3640 in
827 3586 882 3655 ipsa
896 3602 958 3656 per-

180 3672 272 3724 pessus
281 3660 426 3727 apotheca?
437 3660 509 3730 quid,
519 3662 635 3731 inquam,
645 3658 751 3727 ageret?
763 3657 825 3726 quid
840 3664 892 3710 tatu
904 3672 960 3713 eor·

179 3736 256 3794 rupto
278 3744 328 3784 nec
346 3729 401 3796 jam
422 3730 534 3785 dicendo
557 3732 617 3784 vitto
640 3728 727 3783 lacere
749 3727 895 3796 potuisset?
916 3729 957 3781 ho

179 3797 287 3851 hirsitan
298 3799 482 3871 qualicumque
495 3801 674 3869 altiectissimo
685 3798 770 3869 pretio
780 3795 959 3852 vendidisset?

179 3867 231 3920 Sed
245 3869 303 3936 quis
318 3878 369 3922 tam
385 3870 471 3925 latuus
486 3879 590 3937 emptor
602 3870 634 3924 ad
650 3884 705 3923 reru
720 3868 818 3921 linteam
831 3869 959 3921 accessis-

179 3937 236 3989 set?
248 3938 288 3990 Αιι
302 3941 394 3993 saltem
407 3941 553 3995 effunderet
565 3950 644 4010 atque
656 3938 814 4009 projiceret?
833 3936 886 3990 Sed
900 3939 958 4007 quis

179 4007 214 4058 ita
229 4007 327 4061 oblitus
345 4009 464 4063 laborum
484 4025 590 4063 suonam
612 4017 698 4072 esset,
714 4016 742 4061 ut
754 4024 761 4060 ι
773 4008 959 4077 ualescurnque

179 4078 240 4130 artati
251 4075 551 4201 luretusgrmulmrtdos
567 4079 715 4133 ltovninihus
726 4076 759 4131 be
771 4077 871 4146 tuisque
883 4076 959 4133 lacile

179 4147 339 4214 exponeret?
376 4149 470 4203 andem
485 4148 669 4204 fluctuabunda
684 4147 710 4201 in
726 4146 822 4202 talibus
834 4148 958 4202 maerori-

180 4216 228 4269 bus
237 4217 323 4271 anima
334 4217 430 4273 divinae
440 4219 606 4288 aspirationis
615 4233 680 4273 aura
694 4216 801 4287 perllata
815 4217 840 4270 itt
854 4227 958 4286 portant

179 4284 335 4340 fidissimum
358 4289 549 4358 stationemque
571 4289 726 4342 tutissimam
745 4286 891 4342 nettttcante
911 4287 959 4342 de·

178 4354 257 4409 ducta
267 4365 307 4411 est
318 4358 410 4426 gratia.
419 4357 485 4412 Nam
496 4360 577 4412 multa
587 4372 676 4411 seeum
686 4357 793 4427 agitanti
806 4356 863 4410 hec
872 4357 959 4426 potior

178 4426 308 4480 senwntia
331 4428 421 4482 attinio
441 4428 538 4483 insedit
560 4428 733 4497 possessoris,
753 4424 957 4496 confugiendum

178 4510 237 4549 esse
249 4495 282 4549 ad
303 4497 424 4551 Amicum
441 4497 487 4552 Dei
504 4498 665 4565 Stephanum
689 4506 826 4562 sanetum,
845 4497 957 4565 primum

178 4572 321 4645 ittartyrem
331 4566 441 4620 Christi.
451 4567 564 4621 Pridude
573 4568 648 4635 jubet
660 4566 696 4620 illi
710 4567 890 4635 praegusnttoti
904 4566 957 4622 tini

176 4649 228 4697 snt,
243 4642 270 4688 ut
281 4650 359 4688 urtam
372 4637 535 4706 lagunculam
546 4653 578 4690 ex
593 4636 707 4707 quolibet
718 4650 839 4690 vasorum
850 4643 963 4691 snorum

177 4702 342 4772 adimpleret.
357 4721 468 4775 eantque
482 4706 514 4760 ad
530 4706 601 4762 lleati
616 4706 785 4770 hlevttoriatn,
800 4706 959 4762 bettedleeu-

177 4773 238 4825 dam
253 4773 368 4829 diluenlo
382 4776 551 4845 deportaret,
570 4787 648 4846 atque
660 4775 755 4830 exinde
768 4777 956 4832 sanetillcatam

176 4842 303 4924 contiuuo
314 4844 435 4911 relerret,
447 4856 562 4917 tuncque
576 4862 608 4901 ex
623 4845 667 4900 illa
680 4849 825 4915 peremnia
839 4861 901 4900 vasa
915 4859 960 4915 pa·

177 4925 236 4964 rum
247 4914 311 4992 quad
324 4917 527 4985 superlonderet
539 4926 617 4986 atque
629 4915 787 4971 discederet.
801 4915 823 4970 0
837 4915 955 4981 llontine,

179 4980 299 5062 homme,
313 4986 354 5037 eni
368 5001 430 5040 cura
445 4996 486 5041 est
501 5001 548 5056 pro
563 4987 680 5048 homine,
694 4987 782 5038 ιιιιιιιι
797 4985 908 5054 benigne
920 4989 958 5040 la·

177 5063 251 5104 erens
272 5065 380 5122 propter
401 5056 549 5122 ltontinem,
571 5058 615 5128 qul
636 5070 684 5125 per
701 5064 807 5109 sanctos
822 5066 880 5110 tuos
893 5056 956 5110 olim

176 5134 260 5200 aquas
278 5124 382 5176 arueras
404 5136 431 5179 et
450 5126 619 5191 inleenndas,
640 5126 656 5180 li
677 5139 711 5179 no
724 5125 842 5179 immisso
854 5134 880 5178 et
895 5141 957 5180 ease

177 5190 240 5243 salis
254 5189 351 5271 iniecto
363 5196 461 5248 sanasti
477 5195 572 5277 (hand.
583 5211 630 5263 trv,
640 5141 689 5260 2b;
705 5193 808 5264 lVlleq.
820 5211 848 5260 n,
859 5194 915 5264 hl),
927 5209 958 5249 ac

177 5274 226 5328 per
247 5270 273 5313 te
294 5275 398 5330 ipsunt,
414 5264 539 5330 llomme,
555 5281 648 5334 aquam
665 5267 690 5319 iu
704 5266 792 5319 vittuut
805 5265 957 5320 convertisti

178 5327 268 5393 (lona.
281 5345 297 5383 ιι
307 5372 315 5396 ,
327 5333 415 5404 tlt),
431 5334 486 5403 ipse
499 5349 569 5389 ttttttc
581 5354 608 5388 ei
620 5350 667 5403 per
680 5335 793 5389 amicum
808 5345 881 5389 tuum
895 5335 956 5389 Ste-

178 5398 294 5480 phanum
307 5412 439 5468 sarnetum,
455 5404 582 5474 reparasti
595 5405 621 5457 iu
637 5413 733 5459 statum
748 5405 887 5474 pristinum
898 5405 964 5461 vina,

178 5468 279 5549 perdvta
289 5510 297 5533 ,
309 5486 383 5525 versa
398 5473 574 5528 amaritudine
586 5474 612 5527 in
627 5474 783 5530 suavitatem
794 5515 802 5534 .
822 5474 958 5546 nigredine

178 5554 204 5590 ur
218 5539 370 5602 candorem,
385 5558 499 5597 tuoerore
512 5545 537 5597 in
549 5543 767 5597 exsultationem!
782 5543 897 5613 Propere
908 5544 957 5614 igi-

180 5619 221 5663 tur
233 5609 332 5665 domini
346 5612 385 5665 sui
404 5612 476 5682 jussa
496 5615 618 5668 minister
631 5614 675 5667 ille
689 5613 772 5668 hdelis
784 5616 956 5686 exsequitur:

210 5722 405 5783 1ιιιιι,ιιιιιιιι.
415 5731 466 5774 tntt.
475 5725 655 5788 admavginem,
667 5723 751 5775 «locus
761 5735 914 5791 demutatum
927 5735 955 5777 tt.

833 285 932 341 ttnttt
952 283 1139 341 seruatus

1736 272 1791 333 dih

1008 399 1140 466 lagonam,
1155 406 1181 449 ut
1196 395 1281 450 laverat
1295 403 1452 465 praeceptum
1465 436 1471 458 ,
1486 392 1583 458 lvatvsit,
1600 389 1725 462 perrexit,
1741 407 1789 458 ap·

1009 468 1106 536 posuit,
1119 466 1271 534 reportavit,
1282 465 1403 535 vasisque
1414 464 1523 533 siugulis
1536 461 1715 533 permodicum
1728 460 1792 529 qiud

1008 535 1162 601 oorttriboit,
1176 545 1202 589 et
1214 535 1288 590 abiit.
1303 535 1391 590 Altera
1404 533 1457 598 die,
1473 548 1576 587 memor
1588 530 1648 587 lidei
1663 530 1794 584 mandati·

1009 622 1061 676 que
1085 608 1140 670 sni,
1157 605 1241 673 surgit
1262 604 1451 673 paterfamilias
1473 604 1637 666 matutinos,
1654 600 1793 654 ntinlsterii

1009 677 1144 731 conscium
1157 676 1357 743 ministrumque
1369 675 1502 734 convenit,
1518 688 1568 725 nna
1582 687 1671 726 securo
1684 670 1717 723 ad
1730 685 1794 736 apo-
1827 731 1831 742 ι

1011 746 1114 801 ιΙιιιιιιι
1138 746 1261 799 comitem
1285 743 1376 799 ducit:
1392 743 1567 811 inspiciuntur
1590 741 1676 796 detrun
1699 751 1793 794 ιιιιιιιι
1826 764 1828 769 ·

1010 816 1190 886 perordinem
1207 830 1286 869 vasa:
1301 814 1388 869 viuum
1413 814 1542 872 ltauritnr.
1564 812 1634 866 nitor
1656 812 1683 865 in
1703 811 1794 864 colore

1009 885 1188 953 conspicitur,
1204 899 1282 952 sapor
1304 884 1329 937 in
1352 895 1427 954 gustu
1451 881 1630 952 approbatur,
1645 881 1751 935 tristitia
1766 879 1793 933 in

1010 956 1131 1025 gaudium
1145 965 1332 1016 rotttntutator,
1346 964 1373 1008 et
1393 953 1454 1023 ‹phd
1478 963 1656 1021 quantumque-
1678 950 1744 1004 lldes
1768 952 1793 1004 iu

1010 1024 1114 1082 Christo
1127 1024 1236 1094 ejtrsque
1250 1024 1441 1092 glan-iosissiuto
1451 1022 1542 1077 donico
1552 1021 1639 1076 valeat
1651 1021 1793 1089 reperitur,

1009 1096 1097 1152 euueti
1133 1112 1165 1150 ue
1179 1094 1345 1148 audientibus
1358 1093 1566 1162 mirantibusque
1576 1090 1741 1146 succeditur:
1751 1089 1796 1142 de·

1010 1166 1090 1235 nique
1101 1166 1144 1220 ila
1159 1164 1342 1232 probatissima
1353 1165 1412 1217 rina
1426 1162 1557 1232 condigno
1570 1163 1655 1231 pretio
1667 1161 1794 1227 emptori-

1010 1236 1059 1291 bus
1079 1235 1282 1290 distribunntur.
1305 1234 1373 1290 Ecce
1392 1234 1504 1303 qualiter
1518 1231 1606 1287 dtntna
1627 1230 1793 1300 providentia

1010 1304 1166 1361 utilitatibus
1184 1304 1319 1357 ltontiuunt
1339 1303 1455 1358 deservit
1467 1321 1473 1359 :
1485 1312 1511 1357 et
1528 1302 1592 1372 quid
1609 1300 1715 1354 tandem
1738 1300 1794 1354 lieo

1010 1391 1058 1445 pro
1074 1376 1152 1430 tantis
1165 1376 1221 1444 ejus
1237 1373 1373 1429 betteliciis
1387 1373 1528 1429 exhibetur
1539 1383 1586 1428 ant
1598 1370 1734 1426 redditur?

1009 1487 1122 1545 cneus
1138 1487 1218 1541 ltt-
1232 1486 1281 1541 titi·
1294 1488 1370 1540 droco
1383 1488 1414 1538 de
1429 1485 1490 1539 coelo
1503 1483 1652 1552 niopntpcns
1661 1483 1790 1550 apparuit,

1046 1576 1061 1610 o
1076 1560 1149 1625 cnjus
1163 1567 1297 1627 conspecto
1311 1560 1424 1609 oniecrao
1440 1556 1507 1624 plebs
1520 1553 1552 1607 ud
1568 1553 1692 1620 Stepltnni
1706 1552 1793 1603 lintion

1044 1630 1171 1697 contingit,
1197 1638 1221 1681 ct
1243 1628 1303 1696 iptt't
1325 1626 1453 1679 ornatibus
1475 1626 1598 1693 paullatim
1616 1624 1682 1676 t'ttter
1701 1623 1793 1676 ttcllem

1045 1701 1147 1752 vrohiton
1161 1699 1303 1751 subtractus
1317 1712 1366 1750 nort
1380 1697 1529 1762 conqturuit.

1046 1792 1071 1843 l.
1092 1789 1210 1857 Quadam
1226 1788 1268 1842 die
1282 1787 1428 1857 agebantur
1442 1784 1566 1840 ninndtnn
1581 1786 1607 1839 iu
1624 1793 1711 1840 nostra
1727 1783 1793 1838 ciri·

1010 1869 1073 1923 tate,
1089 1871 1114 1914 et
1128 1859 1191 1913 hora
1203 1860 1256 1926 jaan
1271 1857 1416 1912 meridiana
1432 1857 1492 1911 eoeli
1509 1855 1590 1909 lacios
1603 1871 1697 1910 serena
1712 1855 1737 1908 in
1753 1864 1792 1908 te-

1010 1942 1076 1984 trant
1090 1938 1116 1984 et
1129 1929 1299 1998 caliginosam
1312 1929 1383 1982 aeris
1397 1926 1555 1981 turbidinem
1569 1926 1655 1980 subito
1668 1934 1708 1979 est
1720 1939 1794 1978 cotu-

1010 2010 1089 2055 mota.
1103 2000 1170 2053 Ecce
1183 2008 1270 2055 autem
1281 1997 1394 2066 desuper
1406 1998 1532 2065 aspicitur
1546 1997 1636 2065 igneus
1650 1994 1755 2066 quidam
1767 2003 1794 2049 et

1010 2072 1145 2124 inuneuee
1160 2068 1347 2138 ataguitudinis
1361 2067 1527 2137 propendens
1543 2067 1568 2119 iu
1583 2077 1661 2135 carnut
1678 2082 1694 2120 e
1714 2065 1792 2119 nulti-

1010 2141 1059 2195 bus
1073 2141 1164 2195 draco.
1186 2139 1262 2207 Qvtod
1276 2154 1328 2192 uon
1349 2138 1383 2192 ita
1400 2138 1533 2192 insolitum
1556 2146 1582 2190 et
1604 2151 1699 2190 rivirum
1714 2135 1794 2190 debet

1010 2211 1111 2276 videri,
1126 2226 1178 2264 non
1200 2212 1284 2263 solum
1301 2217 1409 2278 propter
1422 2209 1541 2262 rtntitiam
1558 2206 1730 2288 popularem,
1745 2220 1794 2259 ve-

1010 2298 1068 2335 rum
1088 2281 1167 2335 etiam
1188 2280 1330 2349 Scripturas
1349 2287 1447 2333 sancte
1466 2287 1665 2343 auctoritatem,
1681 2292 1739 2346 quae
1759 2274 1793 2330 de

1010 2351 1169 2404 draconibus
1189 2352 1228 2405 sie
1249 2357 1377 2403 utemnrat
1397 2348 1507 2402 diceus:
1523 2347 1636 2402 Londmc
1655 2346 1793 2401 ltortrinum

1010 2421 1041 2474 dc
1063 2433 1160 2483 terreo,
1186 2421 1305 2473 dracones
1324 2429 1347 2472 ιι
1366 2436 1450 2472 omncs
1461 2418 1561 2489 abyssi,
1577 2419 1585 2470 ι’
1603 2419 1658 2482 nis,
1673 2416 1791 2488 grando,

1010 2493 1070 2556 nis,
1090 2492 1199 2560 glaciet,
1212 2491 1315 2560 spiritua
1328 2490 1496 2560 terrtpestntis,
1510 2504 1566 2558 que
1582 2436 1677 2557 darium
1690 2488 1791 2540 veritum

1010 2562 1065 2632 eina
1085 2561 1168 2631 (Paul.
1181 2573 1299 2623 catatu,
1314 2560 1341 2622 t,
1354 2559 1397 2624 8).
1422 2560 1539 2629 dltyssus
1558 2573 1670 2627 natuque
1685 2557 1791 2623 dieitur,

1011 2647 1063 2686 noa
1078 2641 1177 2686 mutum
1193 2633 1234 2685 liic
1248 2629 1369 2685 ilenvsum
1384 2645 1509 2698 aequarunt
1524 2627 1715 2682 ttrnsttnnbttts
1729 2642 1790 2697 pro·

1012 2703 1139 2766 lunditas,
1157 2701 1204 2755 sed
1225 2701 1304 2754 etiarn
1326 2716 1430 2754 sursum
1454 2700 1528 2754 istius
1547 2694 1682 2766 caliginosi
1701 2699 1790 2764 aeris,

1010 2788 1089 2841 quern
1110 2772 1287 2836 suspicimus,
1304 2770 1475 2834 iouneusitas,
1489 2770 1533 2837 qui
1558 2768 1639 2822 maris
1659 2782 1690 2822 ac
1714 2777 1792 2823 terrae

1010 2841 1121 2897 humore
1141 2842 1244 2895 videtur
1265 2842 1454 2910 pinguescere:
1470 2840 1546 2907 ertjus
1561 2839 1676 2909 itupulsu
1690 2837 1792 2894 habiles

1009 2928 1081 2967 attroe
1095 2912 1254 2975 excitantur,
1267 2910 1338 2964 velut
1358 2911 1425 2963 lanae
1438 2910 1535 2964 vellera
1552 2911 1635 2963 nubes
1647 2909 1790 2976 agitantur,

1011 2983 1110 3052 halgura
1125 2981 1204 3053 ignita
1217 2981 1380 3034 emittuntur.
1401 2979 1465 3048 Qtne
1480 2979 1566 3033 arnoia
1580 2994 1631 3044 ne,
1645 2978 1712 3032 sicut
1727 2978 1792 3033 insi·

1010 3055 1113 3124 piertter
1124 3051 1257 3121 sapientes
1271 3060 1372 3118 putant,
1388 3066 1449 3104 casu
1463 3059 1490 3103 et
1505 3048 1613 3104 lortuitu
1627 3048 1683 3102 lieri
1695 3049 1789 3103 crede·

1010 3132 1112 3188 renitor,
1127 3129 1216 3177 saneta
1232 3119 1366 3190 Scriptura
1380 3121 1518 3191 vigilanter
1531 3118 1662 3188 providit:
1678 3127 1705 3173 et
1720 3131 1792 3187 post-

1010 3209 1120 3257 eaquam
1132 3193 1208 3256 dian,
1222 3190 1302 3262 lqnis,
1314 3190 1422 3261 grando,
1434 3190 1488 3251 nin,
1499 3190 1601 3260 pliades,
1613 3188 1717 3257 spiritua
1730 3199 1792 3242 tcm-

1011 3266 1135 3331 pertotir3
1160 3263 1284 3316 cotttinuo
1310 3260 1445 3330 subjunxit
1469 3261 1502 3314 de
1528 3261 1586 3327 ipso
1613 3258 1792 3314 universitatis

1010 3334 1136 3388 tlt-eature
1156 3344 1234 3400 atqire
1257 3332 1418 3395 hectorem
1439 3329 1485 3392 alt.
1500 3345 1556 3396 qun
1576 3330 1671 3398 iaciunt
1691 3328 1792 3382 oolam

1010 3408 1074 3472 iper.
1089 3403 1201 3459 Proinde
1215 3401 1372 3471 pendentem
1386 3417 1418 3455 ex
1433 3401 1493 3466 hac,
1507 3399 1610 3463 utditti,
1626 3397 1791 3470 providentia

1011 3472 1215 3542 dispensationis
1227 3471 1284 3538 Dei,
1293 3481 1319 3524 ct
1329 3471 1441 3524 nubibus
1455 3470 1633 3524 flammantem
1647 3469 1791 3524 draconem

1012 3554 1133 3612 tanqumu
1144 3542 1178 3597 de
1189 3544 1325 3611 superiore
1335 3541 1431 3612 abysso
1442 3540 1627 3610 procedentem
1638 3549 1716 3610 atque
1727 3539 1793 3595 enti·

1010 3627 1114 3669 cantent
1127 3654 1134 3675 ,
1148 3628 1207 3667 cnm
1221 3610 1371 3681 aliquandiu
1387 3612 1438 3665 lrne
1457 3618 1536 3680 atque
1558 3610 1620 3666 illuc
1638 3618 1726 3664 motus
1744 3624 1792 3665 aer

1009 3685 1091 3739 lerret
1103 3693 1183 3752 atique
1197 3683 1329 3744 deterret,
1347 3697 1379 3736 ac
1397 3680 1560 3751 jannjnnque
1574 3679 1790 3750 precipitaodunv

1010 3770 1090 3824 super
1103 3754 1216 3808 mediam
1229 3753 1363 3806 riritatem
1379 3761 1479 3806 tremor
1492 3753 1610 3805 omniunt
1623 3752 1667 3818 qui
1682 3751 1793 3804 aderant

1010 3825 1218 3893 exspectantium
1240 3832 1267 3876 et
1289 3822 1451 3892 stupentium
1473 3830 1608 3886 cerneret,
1627 3820 1791 3889 logerceon·

1010 3905 1090 3949 ventu
1104 3894 1208 3964 publico
1221 3893 1355 3961 popularis
1368 3892 1443 3945 turba
1456 3892 1553 3960 erepit,
1568 3900 1595 3944 et
1615 3891 1711 3960 passim
1725 3889 1793 3958 qub-

1010 3981 1124 4034 cumque
1139 3966 1217 4019 tintor
1230 3971 1336 4031 egerat,
1351 3964 1419 4015 sicut
1432 3963 1542 4030 quisque
1555 3971 1675 4031 poterat,
1688 3960 1791 4014 discur-

1011 4037 1096 4091 rebat.
1113 4034 1195 4089 Totus
1209 4033 1322 4101 durique
1339 4032 1396 4100 ipse
1409 4030 1552 4085 dissolutus
1574 4030 1793 4099 perturbatusque

1010 4112 1152 4159 mercatus.
1163 4103 1265 4158 llelieta
1276 4117 1390 4170 namque
1401 4102 1473 4155 omui
1485 4100 1661 4169 negotiatione
1675 4108 1790 4164 terream,

1011 4175 1129 4245 prosola
1144 4183 1247 4227 tantum
1265 4172 1385 4226 homines
1400 4171 1552 4225 metuebant
1566 4172 1629 4224 vita.
1644 4170 1708 4238 Quis
1721 4169 1793 4224 enim

1011 4254 1074 4300 tnnc
1093 4252 1223 4313 quereret
1244 4243 1316 4297 luera
1338 4241 1474 4309 pecorina,
1497 4241 1523 4295 in
1547 4250 1620 4297 tanto
1641 4239 1793 4296 discrimine

1011 4315 1107 4370 damna
1121 4313 1264 4383 deplorans
1277 4310 1389 4366 animae?
1403 4319 1449 4365 aut
1462 4311 1521 4381 quis
1533 4313 1662 4381 cogitaret
1675 4310 1715 4365 vel
1729 4325 1791 4364 cor·

1012 4385 1083 4455 poris
1097 4384 1205 4449 vietum,
1220 4381 1363 4437 formidans
1376 4381 1436 4434 vitae
1448 4397 1502 4436 snae
1516 4381 1635 4435 ultimum
1651 4379 1789 4434 occasurol

1010 4455 1070 4525 quis
1093 4468 1173 4524 porro
1194 4461 1302 4520 cuperet
1323 4459 1441 4516 vestem,
1460 4460 1533 4506 metu
1554 4451 1648 4505 mortis
1669 4450 1796 4504 amittens

1011 4524 1145 4579 ruenteml
1166 4523 1275 4592 llagnns
1295 4522 1373 4576 etiam
1393 4534 1539 4576 corncnrsus
1562 4519 1737 4576 multitudinis
1760 4519 1795 4574 ad

1011 4594 1140 4665 gremium
1155 4592 1279 4648 Ecclesiae
1292 4592 1394 4656 matris,
1405 4591 1437 4645 ad
1452 4590 1659 4647 misericordiam
1674 4591 1795 4658 protinus

1010 4664 1160 4718 convolavit
1171 4663 1220 4718 Dei
1233 4663 1328 4716 Patris.
1342 4662 1381 4716 hd
1396 4662 1479 4730 ipsam
1493 4661 1577 4715 Amici
1599 4660 1644 4713 Dei
1662 4669 1794 4713 sacratam

1011 4734 1165 4789 llemoriam
1175 4734 1202 4789 iu
1215 4732 1283 4787 lacie
1296 4741 1426 4802 prostrata
1436 4730 1541 4801 jacebat
1552 4729 1655 4784 diversa
1668 4728 1795 4792 intaedi-

1011 4819 1074 4878 spar
1086 4818 1191 4876 qunque
1204 4817 1294 4859 sexus.
1309 4801 1427 4856 'landent
1449 4816 1497 4870 pro
1511 4808 1667 4854 cunctorum
1690 4798 1795 4854 lletibus

1010 4885 1160 4998 opportune
1174 4873 1207 4928 ad
1221 4873 1355 4928 Christum
1368 4871 1469 4925 domiai
1482 4870 1610 4938 Stephani
1625 4868 1681 4922 lasa
1696 4884 1793 4938 prece.

1010 4945 1151 5000 cernentia
1166 4943 1212 4999 Dei
1226 4950 1370 5004 annuente,
1389 4940 1537 4995 horrendus
1550 4940 1594 4994 ille
1608 4938 1689 4994 draco
1704 4939 1795 5009 patala-

1011 5017 1057 5069 tim
1070 5015 1151 5083 cepta
1164 5029 1178 5065 a
1192 5022 1335 5081 conspectu
1348 5010 1484 5065 bantinum
1505 5010 1574 5064 inter
1592 5009 1700 5063 nubium
1720 5017 1795 5075 septu

1011 5085 1130 5139 subtrahi
1152 5092 1230 5151 aurave
1251 5081 1395 5144 abscondi,
1415 5089 1442 5136 et
1454 5096 1505 5150 qua
1517 5081 1587 5135 vetui
1601 5080 1793 5144 incubuerant,

1012 5156 1139 5210 redeunte
1150 5153 1209 5207 caeli
1225 5167 1318 5207 serena
1334 5151 1413 5216 facie,
1428 5151 1523 5206 discuti
1537 5163 1615 5218 atque
1628 5149 1750 5273 propelli,
1763 5164 1796 5204 ac

1012 5225 1051 5280 sic
1063 5224 1192 5280 revocatis
1205 5222 1310 5284 animis,
1322 5229 1401 5291 atque
1412 5236 1427 5274 a
1438 5229 1508 5274 tanta
1523 5222 1626 5275 tristitia
1637 5221 1663 5274 in
1686 5220 1795 5274 aetitiam

1014 5295 1138 5356 reductis,
1153 5291 1332 5347 reddebantur
1345 5291 1402 5346 lieo
1415 5300 1443 5346 et
1455 5291 1546 5344 hmlco
1559 5290 1617 5359 ejus
1629 5291 1724 5344 uberes
1736 5305 1798 5358 gra-

1013 5370 1126 5487 “aeffflln
1138 5363 1286 5433 ingentibus
1296 5361 1419 5433 lacrymis
1429 5363 1464 5416 de
1474 5362 1607 5431 inopinata
1617 5361 1794 5432 gratulatione

1030 5451 1058 5489 ro
1069 5449 1134 5490 usts.

1012 5451 1028 5505 p
1048 5506 1075 5558 Ξ.
1093 5505 1131 5559 dd
1144 5503 1202 5558 laec
1212 5501 1314 5557 accedit
1324 5501 1403 5556 etiam
1414 5499 1484 5554 aliud
1494 5500 1618 5569 quiddam
1629 5516 1661 5556 ex
1678 5499 1728 5552 hoe
1738 5498 1796 5568 ipso

1014 5575 1139 5630 miraculo
1154 5572 1298 5627 ntirabilius
1312 5591 1319 5627 ι
1333 5586 1367 5626 ne
1386 5571 1475 5641 ignara
1491 5571 1518 5625 in
1532 5571 1656 5624 outniltns
1669 5568 1797 5638 fragilitas

1013 5647 1138 5709 ltuutaua,
1152 5642 1217 5697 nihil
1232 5643 1266 5697 de
1280 5643 1375 5696 dit-tntis
1386 5641 1492 5709 judiciis
1502 5652 1529 5695 et
1541 5640 1677 5694 beneflciis
1686 5639 1796 5692 eviden-

1014 5718 1065 5772 tius
1079 5715 1247 5786 apertiusque
1262 5713 1367 5782 edocte,
1382 5713 1417 5768 ita
1431 5722 1459 5768 ut
1472 5712 1578 5782 dignum
1594 5709 1694 5777 inerat,
1708 5709 1794 5765 exsti-
