<?xml version="1.0" encoding="UTF-8"?>
<!DOCTYPE html PUBLIC "-//W3C//DTD XHTML 1.0 Transitional//EN"
    "http://www.w3.org/TR/xhtml1/DTD/xhtml1-transitional.dtd">
<html xmlns="http://www.w3.org/1999/xhtml" xml:lang="en" lang="en">
 <head>
  <title>
</title>
<meta http-equiv="Content-Type" content="text/html;charset=utf-8" />
  <meta name='ocr-system' content='tesseract 3.04.00' />
  <meta name='ocr-capabilities' content='ocr_page ocr_carea ocr_par ocr_line ocrx_word'/>
</head>
<body>
  <div class='ocr_page' id='page_1' title='image "./sanctiaureliiau04augugoog/sanctiaureliiau04augugoog_0036.png"; bbox 0 0 3900 6390; ppageno 0'>
   <div class='ocr_carea' id='block_1_1' title="bbox 95 266 130 328">
    <p class='ocr_par' dir='ltr' id='par_1_1' title="bbox 95 266 130 328">
     <span class='ocr_line' id='line_1_1' title="bbox 95 266 130 328; baseline -0.057 0"><span class='ocrx_word' id='word_1_1' title='bbox 95 266 130 328; x_wconf 79' lang='lat' dir='ltr'>tt</span> 
     </span>
    </p>
   </div>
   <div class='ocr_carea' id='block_1_2' title="bbox 86 373 884 2012">
    <p class='ocr_par' dir='ltr' id='par_1_2' title="bbox 86 373 884 2012">
     <span class='ocr_line' id='line_1_2' title="bbox 94 373 881 458; baseline 0.011 -20"><span class='ocrx_word' id='word_1_2' title='bbox 94 373 209 439; x_wconf 82' lang='lat' dir='ltr'>libenter</span> <span class='ocrx_word' id='word_1_3' title='bbox 221 393 357 452; x_wconf 88' lang='lat' dir='ltr'>poetarum</span> <span class='ocrx_word' id='word_1_4' title='bbox 372 386 476 456; x_wconf 80' lang='lat' dir='ltr'>probris</span> <span class='ocrx_word' id='word_1_5' title='bbox 495 388 692 458; x_wconf 77' lang='lat' dir='ltr'><strong>maledictisque</strong></span> <span class='ocrx_word' id='word_1_6' title='bbox 706 390 815 444; x_wconf 87' lang='lat' dir='ltr'>lacerari</span> <span class='ocrx_word' id='word_1_7' title='bbox 828 406 836 454; x_wconf 88' lang='lat'>;</span> <span class='ocrx_word' id='word_1_8' title='bbox 851 405 881 447; x_wconf 88' lang='lat' dir='ltr'>se</span> 
     </span>
     <span class='ocr_line' id='line_1_3' title="bbox 93 478 883 553; baseline 0.015 -25"><span class='ocrx_word' id='word_1_9' title='bbox 93 478 276 552; x_wconf 87' lang='lat' dir='ltr'>potiusquam</span> <span class='ocrx_word' id='word_1_10' title='bbox 290 478 350 534; x_wconf 92' lang='lat' dir='ltr'>illos</span> <span class='ocrx_word' id='word_1_11' title='bbox 362 479 542 549; x_wconf 83' lang='lat' dir='ltr'>hujuscemodi</span> <span class='ocrx_word' id='word_1_12' title='bbox 565 482 667 551; x_wconf 86' lang='lat' dir='ltr'>injuriis</span> <span class='ocrx_word' id='word_1_13' title='bbox 688 482 809 553; x_wconf 77' lang='lat' dir='ltr'>indignos</span> <span class='ocrx_word' id='word_1_14' title='bbox 823 499 883 540; x_wconf 84' lang='lat' dir='ltr'>esse</span> 
     </span>
     <span class='ocr_line' id='line_1_4' title="bbox 91 568 882 643; baseline 0.014 -24"><span class='ocrx_word' id='word_1_15' title='bbox 91 568 236 633; x_wconf 74' lang='lat' dir='ltr'>diruentur,</span> <span class='ocrx_word' id='word_1_16' title='bbox 250 582 331 639; x_wconf 89' lang='lat' dir='ltr'>seque</span> <span class='ocrx_word' id='word_1_17' title='bbox 342 569 376 623; x_wconf 88' lang='lat' dir='ltr'>ab</span> <span class='ocrx_word' id='word_1_18' title='bbox 388 571 426 624; x_wconf 89' lang='lat' dir='ltr'>eis</span> <span class='ocrx_word' id='word_1_19' title='bbox 439 570 518 626; x_wconf 89' lang='lat' dir='ltr'>ctiam</span> <span class='ocrx_word' id='word_1_20' title='bbox 533 572 591 643; x_wconf 74' lang='lat' dir='ltr'>lege</span> <span class='ocrx_word' id='word_1_21' title='bbox 600 573 762 640; x_wconf 84' lang='lat' dir='ltr'>niuniernnt,</span> <span class='ocrx_word' id='word_1_22' title='bbox 777 575 882 630; x_wconf 91' lang='lat' dir='ltr'>illorum</span> 
     </span>
     <span class='ocr_line' id='line_1_5' title="bbox 91 662 881 724; baseline 0.015 -14"><span class='ocrx_word' id='word_1_23' title='bbox 91 670 181 719; x_wconf 79' lang='lat' dir='ltr'>atrrem</span> <span class='ocrx_word' id='word_1_24' title='bbox 198 662 247 715; x_wconf 86' lang='lat' dir='ltr'>ista</span> <span class='ocrx_word' id='word_1_25' title='bbox 270 663 349 716; x_wconf 89' lang='lat' dir='ltr'>etiam</span> <span class='ocrx_word' id='word_1_26' title='bbox 372 665 456 718; x_wconf 90' lang='lat' dir='ltr'>sacris</span> <span class='ocrx_word' id='word_1_27' title='bbox 475 664 686 722; x_wconf 73' lang='lat' dir='ltr'><strong>solemnitatibus</strong></span> <span class='ocrx_word' id='word_1_28' title='bbox 707 666 881 724; x_wconf 85' lang='lat' dir='ltr'>miscuemnt.</span> 
     </span>
     <span class='ocr_line' id='line_1_6' title="bbox 92 749 883 828; baseline 0.015 -26"><span class='ocrx_word' id='word_1_29' title='bbox 92 749 166 806; x_wconf 84' lang='lat' dir='ltr'>itane</span> <span class='ocrx_word' id='word_1_30' title='bbox 181 755 299 819; x_wconf 68' lang='lat' dir='ltr'>aridem,</span> <span class='ocrx_word' id='word_1_31' title='bbox 322 753 421 824; x_wconf 87' lang='lat' dir='ltr'>Scipio,</span> <span class='ocrx_word' id='word_1_32' title='bbox 447 755 537 811; x_wconf 85' lang='lat' dir='ltr'>laudas</span> <span class='ocrx_word' id='word_1_33' title='bbox 560 756 629 812; x_wconf 89' lang='lat' dir='ltr'>banc</span> <span class='ocrx_word' id='word_1_34' title='bbox 650 758 736 828; x_wconf 86' lang='lat' dir='ltr'>poetis</span> <span class='ocrx_word' id='word_1_35' title='bbox 756 759 883 814; x_wconf 80' lang='lat' dir='ltr'>Romanis</span> 
     </span>
     <span class='ocr_line' id='line_1_7' title="bbox 90 844 884 920; baseline 0.018 -28"><span class='ocrx_word' id='word_1_36' title='bbox 90 852 214 914; x_wconf 74' lang='lat' dir='ltr'>nrqatam</span> <span class='ocrx_word' id='word_1_37' title='bbox 229 858 289 899; x_wconf 82' lang='lat' dir='ltr'>esse</span> <span class='ocrx_word' id='word_1_38' title='bbox 312 844 462 912; x_wconf 70' lang='lat' dir='ltr'>licentiam,</span> <span class='ocrx_word' id='word_1_39' title='bbox 476 854 505 901; x_wconf 98' lang='grc' dir='ltr'>ιιι</span> <span class='ocrx_word' id='word_1_40' title='bbox 518 847 642 918; x_wconf 84' lang='lat' dir='ltr'>cuiqnam</span> <span class='ocrx_word' id='word_1_41' title='bbox 657 849 826 920; x_wconf 87' lang='lat' dir='ltr'>opprobrium</span> <span class='ocrx_word' id='word_1_42' title='bbox 842 850 884 907; x_wconf 90' lang='lat' dir='ltr'>iu·</span> 
     </span>
     <span class='ocr_line' id='line_1_8' title="bbox 90 931 880 1003; baseline 0.015 -20"><span class='ocrx_word' id='word_1_43' title='bbox 90 931 215 1002; x_wconf 76' lang='lat' dir='ltr'>digerant</span> <span class='ocrx_word' id='word_1_44' title='bbox 234 934 425 1003; x_wconf 86' lang='lat' dir='ltr'>ltnmanotum,</span> <span class='ocrx_word' id='word_1_45' title='bbox 440 952 501 992; x_wconf 90' lang='lat' dir='ltr'>curu</span> <span class='ocrx_word' id='word_1_46' title='bbox 520 939 671 996; x_wconf 73' lang='lat' dir='ltr'>salassos</span> <span class='ocrx_word' id='word_1_47' title='bbox 685 941 750 996; x_wconf 90' lang='lat' dir='ltr'>nulli</span> <span class='ocrx_word' id='word_1_48' title='bbox 770 941 880 997; x_wconf 88' lang='lat' dir='ltr'>deorum</span> 
     </span>
     <span class='ocr_line' id='line_1_9' title="bbox 92 1026 881 1100; baseline 0.013 -21"><span class='ocrx_word' id='word_1_49' title='bbox 92 1026 244 1094; x_wconf 70' lang='lat' dir='ltr'>pepercisse</span> <span class='ocrx_word' id='word_1_50' title='bbox 259 1038 405 1083; x_wconf 85' lang='lat' dir='ltr'>restrmum</span> <span class='ocrx_word' id='word_1_51' title='bbox 416 1029 427 1083; x_wconf 81' lang='lat' dir='ltr'>i</span> <span class='ocrx_word' id='word_1_52' title='bbox 440 1029 512 1086; x_wconf 85' lang='lat' dir='ltr'>itane</span> <span class='ocrx_word' id='word_1_53' title='bbox 527 1030 611 1100; x_wconf 87' lang='lat' dir='ltr'>pluris</span> <span class='ocrx_word' id='word_1_54' title='bbox 625 1032 670 1087; x_wconf 91' lang='lat' dir='ltr'>tibi</span> <span class='ocrx_word' id='word_1_55' title='bbox 691 1031 811 1088; x_wconf 80' lang='lat' dir='ltr'>habenda</span> <span class='ocrx_word' id='word_1_56' title='bbox 825 1033 881 1089; x_wconf 84' lang='lat' dir='ltr'>visa</span> 
     </span>
     <span class='ocr_line' id='line_1_10' title="bbox 90 1115 882 1195; baseline 0.018 -31"><span class='ocrx_word' id='word_1_57' title='bbox 90 1123 133 1167; x_wconf 85' lang='lat' dir='ltr'>est</span> <span class='ocrx_word' id='word_1_58' title='bbox 148 1115 309 1172; x_wconf 67' lang='lat' dir='ltr'>existimatio</span> <span class='ocrx_word' id='word_1_59' title='bbox 322 1120 402 1173; x_wconf 84' lang='lat' dir='ltr'>cariae</span> <span class='ocrx_word' id='word_1_60' title='bbox 416 1129 511 1175; x_wconf 84' lang='lat' dir='ltr'>restrae</span> <span class='ocrx_word' id='word_1_61' title='bbox 525 1137 603 1192; x_wconf 85' lang='lat' dir='ltr'>quam</span> <span class='ocrx_word' id='word_1_62' title='bbox 616 1123 738 1192; x_wconf 81' lang='lat' dir='ltr'>Capitolii</span> <span class='ocrx_word' id='word_1_63' title='bbox 755 1124 806 1195; x_wconf 83' lang='lat' dir='ltr'>(a),</span> <span class='ocrx_word' id='word_1_64' title='bbox 828 1125 882 1188; x_wconf 71' lang='lat' dir='ltr'>iusti</span> 
     </span>
     <span class='ocr_line' id='line_1_11' title="bbox 90 1202 880 1284; baseline 0.016 -29"><span class='ocrx_word' id='word_1_65' title='bbox 90 1202 183 1280; x_wconf 76' lang='lat' dir='ltr'>itamar</span> <span class='ocrx_word' id='word_1_66' title='bbox 196 1209 274 1263; x_wconf 90' lang='lat' dir='ltr'>unius</span> <span class='ocrx_word' id='word_1_67' title='bbox 284 1226 362 1280; x_wconf 89' lang='lat' dir='ltr'>quam</span> <span class='ocrx_word' id='word_1_68' title='bbox 373 1212 436 1275; x_wconf 77' lang='lat' dir='ltr'>eceli</span> <span class='ocrx_word' id='word_1_69' title='bbox 447 1212 543 1276; x_wconf 86' lang='lat' dir='ltr'>totius;</span> <span class='ocrx_word' id='word_1_70' title='bbox 557 1223 586 1268; x_wconf 94' lang='lat' dir='ltr'>ut</span> <span class='ocrx_word' id='word_1_71' title='bbox 597 1213 712 1284; x_wconf 78' lang='lat' dir='ltr'>linquam</span> <span class='ocrx_word' id='word_1_72' title='bbox 724 1215 880 1282; x_wconf 76' lang='lat' dir='ltr'>maledicam</span> 
     </span>
     <span class='ocr_line' id='line_1_12' title="bbox 89 1296 880 1375; baseline 0.018 -28"><span class='ocrx_word' id='word_1_73' title='bbox 89 1296 116 1348; x_wconf 91' lang='lat' dir='ltr'>in</span> <span class='ocrx_word' id='word_1_74' title='bbox 131 1297 204 1353; x_wconf 86' lang='lat' dir='ltr'>circs</span> <span class='ocrx_word' id='word_1_75' title='bbox 216 1307 276 1355; x_wconf 85' lang='lat' dir='ltr'>tuos</span> <span class='ocrx_word' id='word_1_76' title='bbox 287 1304 433 1358; x_wconf 82' lang='lat' dir='ltr'>exercere¹</span> <span class='ocrx_word' id='word_1_77' title='bbox 449 1313 534 1372; x_wconf 80' lang='lat' dir='ltr'>poeno</span> <span class='ocrx_word' id='word_1_78' title='bbox 545 1305 624 1360; x_wconf 88' lang='lat' dir='ltr'>etiam</span> <span class='ocrx_word' id='word_1_79' title='bbox 638 1308 695 1375; x_wconf 83' lang='lat' dir='ltr'>leqe</span> <span class='ocrx_word' id='word_1_80' title='bbox 708 1305 880 1374; x_wconf 85' lang='lat' dir='ltr'>prolribcreu-</span> 
     </span>
     <span class='ocr_line' id='line_1_13' title="bbox 88 1389 878 1462; baseline 0.02 -25"><span class='ocrx_word' id='word_1_81' title='bbox 88 1394 143 1457; x_wconf 83' lang='lat' dir='ltr'>prr,</span> <span class='ocrx_word' id='word_1_82' title='bbox 158 1398 183 1443; x_wconf 91' lang='lat' dir='ltr'>et</span> <span class='ocrx_word' id='word_1_83' title='bbox 194 1389 222 1444; x_wconf 91' lang='lat' dir='ltr'>in</span> <span class='ocrx_word' id='word_1_84' title='bbox 233 1389 299 1446; x_wconf 88' lang='lat' dir='ltr'>deos</span> <span class='ocrx_word' id='word_1_85' title='bbox 314 1401 373 1448; x_wconf 88' lang='lat' dir='ltr'>tuas</span> <span class='ocrx_word' id='word_1_86' title='bbox 387 1394 473 1449; x_wconf 87' lang='lat' dir='ltr'>securi</span> <span class='ocrx_word' id='word_1_87' title='bbox 488 1403 558 1449; x_wconf 90' lang='lat' dir='ltr'>tauta</span> <span class='ocrx_word' id='word_1_88' title='bbox 570 1396 700 1462; x_wconf 86' lang='lat' dir='ltr'>curtricia,</span> <span class='ocrx_word' id='word_1_89' title='bbox 714 1397 787 1452; x_wconf 90' lang='lat' dir='ltr'>uullo</span> <span class='ocrx_word' id='word_1_90' title='bbox 800 1413 878 1453; x_wconf 82' lang='lat' dir='ltr'>seua-</span> 
     </span>
     <span class='ocr_line' id='line_1_14' title="bbox 88 1480 879 1554; baseline 0.019 -26"><span class='ocrx_word' id='word_1_91' title='bbox 88 1486 158 1542; x_wconf 90' lang='lat' dir='ltr'>ture,</span> <span class='ocrx_word' id='word_1_92' title='bbox 180 1480 253 1534; x_wconf 91' lang='lat' dir='ltr'>nullo</span> <span class='ocrx_word' id='word_1_93' title='bbox 275 1497 397 1550; x_wconf 74' lang='lat' dir='ltr'>cttttsbre,</span> <span class='ocrx_word' id='word_1_94' title='bbox 414 1484 489 1539; x_wconf 90' lang='lat' dir='ltr'>nullo</span> <span class='ocrx_word' id='word_1_95' title='bbox 507 1485 636 1554; x_wconf 76' lang='lat' dir='ltr'>principe,</span> <span class='ocrx_word' id='word_1_96' title='bbox 661 1487 733 1540; x_wconf 89' lang='lat' dir='ltr'>nullo</span> <span class='ocrx_word' id='word_1_97' title='bbox 756 1487 879 1554; x_wconf 80' lang='lat' dir='ltr'>pontifice</span> 
     </span>
     <span class='ocr_line' id='line_1_15' title="bbox 88 1569 879 1646; baseline 0.016 -26"><span class='ocrx_word' id='word_1_98' title='bbox 88 1569 256 1638; x_wconf 77' lang='lat' dir='ltr'>prohibente,</span> <span class='ocrx_word' id='word_1_99' title='bbox 273 1573 475 1644; x_wconf 82' lang='lat' dir='ltr'>jaettlarcnprr?</span> <span class='ocrx_word' id='word_1_100' title='bbox 488 1575 625 1645; x_wconf 81' lang='lat' dir='ltr'>imliguum</span> <span class='ocrx_word' id='word_1_101' title='bbox 640 1577 762 1632; x_wconf 84' lang='lat' dir='ltr'>videlicet</span> <span class='ocrx_word' id='word_1_102' title='bbox 776 1578 834 1646; x_wconf 89' lang='lat' dir='ltr'>luit,</span> <span class='ocrx_word' id='word_1_103' title='bbox 849 1586 879 1633; x_wconf 87' lang='lat' dir='ltr'>tri</span> 
     </span>
     <span class='ocr_line' id='line_1_16' title="bbox 87 1659 879 1737; baseline 0.016 -25"><span class='ocrx_word' id='word_1_104' title='bbox 87 1659 206 1727; x_wconf 74' lang='lat' dir='ltr'>l&#39;lautus,</span> <span class='ocrx_word' id='word_1_105' title='bbox 227 1673 273 1718; x_wconf 92' lang='lat' dir='ltr'>aut</span> <span class='ocrx_word' id='word_1_106' title='bbox 294 1665 399 1722; x_wconf 78' lang='lat' dir='ltr'>Nerius</span> <span class='ocrx_word' id='word_1_107' title='bbox 422 1665 516 1734; x_wconf 84' lang='lat' dir='ltr'>Publio</span> <span class='ocrx_word' id='word_1_108' title='bbox 535 1678 563 1721; x_wconf 90' lang='lat' dir='ltr'>et</span> <span class='ocrx_word' id='word_1_109' title='bbox 585 1667 658 1721; x_wconf 89' lang='lat' dir='ltr'>Coeo</span> <span class='ocrx_word' id='word_1_110' title='bbox 680 1666 808 1737; x_wconf 85' lang='lat' dir='ltr'>Scipioni,</span> <span class='ocrx_word' id='word_1_111' title='bbox 832 1676 879 1724; x_wconf 87' lang='lat' dir='ltr'>aut</span> 
     </span>
     <span class='ocr_line' id='line_1_17' title="bbox 87 1750 878 1830; baseline 0.01 -22"><span class='ocrx_word' id='word_1_112' title='bbox 87 1750 207 1810; x_wconf 68' lang='lat' dir='ltr'>daritim</span> <span class='ocrx_word' id='word_1_113' title='bbox 229 1755 263 1811; x_wconf 87' lang='lat' dir='ltr'>ll.</span> <span class='ocrx_word' id='word_1_114' title='bbox 278 1756 373 1813; x_wconf 89' lang='lat' dir='ltr'>Catoni</span> <span class='ocrx_word' id='word_1_115' title='bbox 388 1759 580 1825; x_wconf 86' lang='lat' dir='ltr'>malcriiccret;</span> <span class='ocrx_word' id='word_1_116' title='bbox 604 1770 631 1815; x_wconf 89' lang='lat' dir='ltr'>et</span> <span class='ocrx_word' id='word_1_117' title='bbox 643 1760 752 1830; x_wconf 82' lang='lat' dir='ltr'>dignum</span> <span class='ocrx_word' id='word_1_118' title='bbox 773 1760 833 1828; x_wconf 83' lang='lat' dir='ltr'>luit,</span> <span class='ocrx_word' id='word_1_119' title='bbox 849 1772 878 1817; x_wconf 92' lang='lat' dir='ltr'>ut</span> 
     </span>
     <span class='ocr_line' id='line_1_18' title="bbox 86 1840 877 1922; baseline 0.015 -25"><span class='ocrx_word' id='word_1_120' title='bbox 86 1840 228 1915; x_wconf 72' lang='lat' dir='ltr'>Terentius</span> <span class='ocrx_word' id='word_1_121' title='bbox 241 1858 329 1905; x_wconf 68' lang='lat' dir='ltr'>resur</span> <span class='ocrx_word' id='word_1_122' title='bbox 344 1848 381 1921; x_wconf 79' lang='lat' dir='ltr'>(b)</span> <span class='ocrx_word' id='word_1_123' title='bbox 394 1849 493 1920; x_wconf 77' lang='lat' dir='ltr'>llrtqitio</span> <span class='ocrx_word' id='word_1_124' title='bbox 504 1851 577 1909; x_wconf 82' lang='lat' dir='ltr'>laris</span> <span class='ocrx_word' id='word_1_125' title='bbox 587 1852 681 1922; x_wconf 88' lang='lat' dir='ltr'>optimi</span> <span class='ocrx_word' id='word_1_126' title='bbox 692 1853 800 1922; x_wconf 72' lang='lat' dir='ltr'>rnasimi</span> <span class='ocrx_word' id='word_1_127' title='bbox 811 1853 877 1910; x_wconf 85' lang='lat' dir='ltr'>ado·</span> 
     </span>
     <span class='ocr_line' id='line_1_19' title="bbox 87 1934 584 2012; baseline 0.026 -26"><span class='ocrx_word' id='word_1_128' title='bbox 87 1934 243 1993; x_wconf 78' lang='lat' dir='ltr'>tercentum</span> <span class='ocrx_word' id='word_1_129' title='bbox 260 1941 403 2012; x_wconf 88' lang='lat' dir='ltr'>nequitiam</span> <span class='ocrx_word' id='word_1_130' title='bbox 419 1944 584 1999; x_wconf 79' lang='lat' dir='ltr'>cotroitareti</span> 
     </span>
    </p>
   </div>
   <div class='ocr_carea' id='block_1_3' title="bbox 85 2088 876 2344">
    <p class='ocr_par' dir='ltr' id='par_1_3' title="bbox 85 2088 876 2344">
     <span class='ocr_line' id='line_1_20' title="bbox 85 2088 876 2171; baseline 0.02 -31"><span class='ocrx_word' id='word_1_131' title='bbox 85 2088 197 2146; x_wconf 49' lang='lat' dir='ltr'>citrei</span> <span class='ocrx_word' id='word_1_132' title='bbox 216 2091 286 2166; x_wconf 75' lang='lat' dir='ltr'>litii.</span> <span class='ocrx_word' id='word_1_133' title='bbox 301 2124 335 2136; x_wconf 90' lang='lat'>-</span> <span class='ocrx_word' id='word_1_134' title='bbox 350 2094 471 2159; x_wconf 77' lang='lat' dir='ltr'>Debitissc</span> <span class='ocrx_word' id='word_1_135' title='bbox 489 2096 627 2168; x_wconf 66' lang='lat' dir='ltr'>intelligere</span> <span class='ocrx_word' id='word_1_136' title='bbox 645 2098 789 2169; x_wconf 83' lang='lat' dir='ltr'>Romanos,</span> <span class='ocrx_word' id='word_1_137' title='bbox 808 2101 876 2171; x_wconf 85' lang='lat' dir='ltr'>quod</span> 
     </span>
     <span class='ocr_line' id='line_1_21' title="bbox 119 2180 876 2264; baseline 0.02 -33"><span class='ocrx_word' id='word_1_138' title='bbox 119 2180 156 2232; x_wconf 82' lang='lat' dir='ltr'>aii</span> <span class='ocrx_word' id='word_1_139' title='bbox 172 2198 275 2251; x_wconf 84' lang='lat' dir='ltr'>corana,</span> <span class='ocrx_word' id='word_1_140' title='bbox 289 2186 332 2256; x_wconf 87' lang='lat' dir='ltr'>qui</span> <span class='ocrx_word' id='word_1_141' title='bbox 344 2202 372 2256; x_wconf 80' lang='lat' dir='ltr'>se</span> <span class='ocrx_word' id='word_1_142' title='bbox 385 2187 498 2254; x_wconf 74' lang='lat' dir='ltr'>torpidus</span> <span class='ocrx_word' id='word_1_143' title='bbox 516 2187 583 2243; x_wconf 86' lang='lat' dir='ltr'>ludia</span> <span class='ocrx_word' id='word_1_144' title='bbox 596 2188 646 2264; x_wconf 81' lang='lat' dir='ltr'>cali</span> <span class='ocrx_word' id='word_1_145' title='bbox 660 2191 819 2262; x_wconf 72' lang='lat' dir='ltr'>expetebant,</span> <span class='ocrx_word' id='word_1_146' title='bbox 835 2192 876 2246; x_wconf 90' lang='lat' dir='ltr'>iu·</span> 
     </span>
     <span class='ocr_line' id='line_1_22' title="bbox 119 2272 510 2344; baseline 0.028 -22"><span class='ocrx_word' id='word_1_147' title='bbox 119 2272 190 2344; x_wconf 77' lang='lat' dir='ltr'>dipni</span> <span class='ocrx_word' id='word_1_148' title='bbox 205 2286 286 2331; x_wconf 79' lang='lat' dir='ltr'>ccccm</span> <span class='ocrx_word' id='word_1_149' title='bbox 303 2278 398 2334; x_wconf 83' lang='lat' dir='ltr'>bonore</span> <span class='ocrx_word' id='word_1_150' title='bbox 416 2280 510 2340; x_wconf 84' lang='lat' dir='ltr'>diniuo.</span> 
     </span>
    </p>
   </div>
   <div class='ocr_carea' id='block_1_4' title="bbox 82 2424 874 2600">
    <p class='ocr_par' dir='ltr' id='par_1_4' title="bbox 82 2424 874 2600">
     <span class='ocr_line' id='line_1_23' title="bbox 117 2424 874 2505; baseline 0.016 -24"><span class='ocrx_word' id='word_1_151' title='bbox 117 2424 170 2481; x_wconf 86' lang='lat' dir='ltr'>Sed</span> <span class='ocrx_word' id='word_1_152' title='bbox 185 2431 359 2499; x_wconf 75' lang='lat' dir='ltr'>responderet</span> <span class='ocrx_word' id='word_1_153' title='bbox 374 2433 437 2489; x_wconf 81' lang='lat' dir='ltr'>milri</span> <span class='ocrx_word' id='word_1_154' title='bbox 452 2433 573 2500; x_wconf 75' lang='lat' dir='ltr'>imtrsm,</span> <span class='ocrx_word' id='word_1_155' title='bbox 588 2436 609 2490; x_wconf 91' lang='lat' dir='ltr'>si</span> <span class='ocrx_word' id='word_1_156' title='bbox 624 2437 725 2493; x_wconf 80' lang='lat' dir='ltr'>vireret</span> <span class='ocrx_word' id='word_1_157' title='bbox 738 2456 745 2492; x_wconf 78' lang='lat' dir='ltr'>t</span> <span class='ocrx_word' id='word_1_158' title='bbox 757 2437 874 2505; x_wconf 85' lang='lat' dir='ltr'>Quomo-</span> 
     </span>
     <span class='ocr_line' id='line_1_24' title="bbox 82 2516 873 2600; baseline 0.024 -33"><span class='ocrx_word' id='word_1_159' title='bbox 82 2516 118 2584; x_wconf 83' lang='lat' dir='ltr'>do</span> <span class='ocrx_word' id='word_1_160' title='bbox 128 2532 177 2573; x_wconf 84' lang='lat' dir='ltr'>nos</span> <span class='ocrx_word' id='word_1_161' title='bbox 190 2518 238 2574; x_wconf 86' lang='lat' dir='ltr'>ista</span> <span class='ocrx_word' id='word_1_162' title='bbox 252 2521 380 2593; x_wconf 91' lang='lat' dir='ltr'>impunita</span> <span class='ocrx_word' id='word_1_163' title='bbox 390 2539 449 2580; x_wconf 89' lang='lat' dir='ltr'>esse</span> <span class='ocrx_word' id='word_1_164' title='bbox 463 2526 604 2597; x_wconf 84' lang='lat' dir='ltr'>nollemus,</span> <span class='ocrx_word' id='word_1_165' title='bbox 618 2543 678 2599; x_wconf 84' lang='lat' dir='ltr'>que</span> <span class='ocrx_word' id='word_1_166' title='bbox 690 2528 739 2600; x_wconf 85' lang='lat' dir='ltr'>ipsi</span> <span class='ocrx_word' id='word_1_167' title='bbox 750 2528 784 2583; x_wconf 81' lang='lat' dir='ltr'>alii</span> <span class='ocrx_word' id='word_1_168' title='bbox 798 2543 873 2586; x_wconf 88' lang='lat' dir='ltr'>sacra</span> 
     </span>
    </p>
   </div>
   <div class='ocr_carea' id='block_1_5' title="bbox 71 2620 873 4793">
    <p class='ocr_par' dir='ltr' id='par_1_5' title="bbox 71 2620 873 4793">
     <span class='ocr_line' id='line_1_25' title="bbox 82 2620 873 2694; baseline 0.015 -21"><span class='ocrx_word' id='word_1_169' title='bbox 82 2629 143 2689; x_wconf 71' lang='lat' dir='ltr'>esse</span> <span class='ocrx_word' id='word_1_170' title='bbox 161 2620 319 2691; x_wconf 82' lang='lat' dir='ltr'>valuernut,</span> <span class='ocrx_word' id='word_1_171' title='bbox 331 2638 393 2680; x_wconf 90' lang='lat' dir='ltr'>curu</span> <span class='ocrx_word' id='word_1_172' title='bbox 410 2625 487 2688; x_wconf 89' lang='lat' dir='ltr'>ludos</span> <span class='ocrx_word' id='word_1_173' title='bbox 508 2628 646 2692; x_wconf 84' lang='lat' dir='ltr'>scenicos,</span> <span class='ocrx_word' id='word_1_174' title='bbox 662 2628 704 2683; x_wconf 90' lang='lat' dir='ltr'>nbi</span> <span class='ocrx_word' id='word_1_175' title='bbox 725 2628 786 2685; x_wconf 87' lang='lat' dir='ltr'>talia</span> <span class='ocrx_word' id='word_1_176' title='bbox 800 2628 873 2694; x_wconf 86' lang='lat' dir='ltr'>cele·¹</span> 
     </span>
     <span class='ocr_line' id='line_1_26' title="bbox 82 2711 873 2785; baseline 0.014 -20"><span class='ocrx_word' id='word_1_177' title='bbox 82 2711 202 2775; x_wconf 84' lang='lat' dir='ltr'>irruatur,</span> <span class='ocrx_word' id='word_1_178' title='bbox 219 2714 382 2784; x_wconf 88' lang='lat' dir='ltr'>dictitantur,</span> <span class='ocrx_word' id='word_1_179' title='bbox 398 2719 550 2785; x_wconf 84' lang='lat' dir='ltr'>actitantur,</span> <span class='ocrx_word' id='word_1_180' title='bbox 566 2729 593 2784; x_wconf 88' lang='lat' dir='ltr'>et</span> <span class='ocrx_word' id='word_1_181' title='bbox 612 2720 737 2776; x_wconf 85' lang='lat' dir='ltr'>lirrrnanis</span> <span class='ocrx_word' id='word_1_182' title='bbox 754 2720 873 2776; x_wconf 88' lang='lat' dir='ltr'>moribus</span> 
     </span>
     <span class='ocr_line' id='line_1_27' title="bbox 82 2794 872 2881; baseline 0.009 -25"><span class='ocrx_word' id='word_1_183' title='bbox 82 2802 250 2880; x_wconf 74' lang='lat' dir='ltr'>iurauerunt,</span> <span class='ocrx_word' id='word_1_184' title='bbox 267 2816 292 2861; x_wconf 90' lang='lat' dir='ltr'>et</span> <span class='ocrx_word' id='word_1_185' title='bbox 307 2808 363 2880; x_wconf 75' lang='lat' dir='ltr'>suis</span> <span class='ocrx_word' id='word_1_186' title='bbox 377 2794 522 2865; x_wconf 87' lang='lat' dir='ltr'>lrarroribus</span> <span class='ocrx_word' id='word_1_187' title='bbox 535 2810 617 2866; x_wconf 86' lang='lat' dir='ltr'>dicari</span> <span class='ocrx_word' id='word_1_188' title='bbox 631 2811 804 2881; x_wconf 75' lang='lat' dir='ltr'>exhiberique</span> <span class='ocrx_word' id='word_1_189' title='bbox 815 2811 872 2880; x_wconf 83' lang='lat' dir='ltr'>jus·</span> 
     </span>
     <span class='ocr_line' id='line_1_28' title="bbox 80 2895 872 2973; baseline 0.01 -24"><span class='ocrx_word' id='word_1_190' title='bbox 80 2895 192 2949; x_wconf 79' lang='lat' dir='ltr'>scrutati</span> <span class='ocrx_word' id='word_1_191' title='bbox 202 2895 256 2950; x_wconf 78' lang='lat' dir='ltr'>(lur</span> <span class='ocrx_word' id='word_1_192' title='bbox 270 2913 334 2968; x_wconf 77' lang='lat' dir='ltr'>erqo</span> <span class='ocrx_word' id='word_1_193' title='bbox 348 2914 402 2954; x_wconf 91' lang='lat' dir='ltr'>nou</span> <span class='ocrx_word' id='word_1_194' title='bbox 418 2901 480 2956; x_wconf 85' lang='lat' dir='ltr'>ltine</span> <span class='ocrx_word' id='word_1_195' title='bbox 498 2903 581 2972; x_wconf 75' lang='lat' dir='ltr'>nangis</span> <span class='ocrx_word' id='word_1_196' title='bbox 601 2903 649 2973; x_wconf 89' lang='lat' dir='ltr'>ipsi</span> <span class='ocrx_word' id='word_1_197' title='bbox 668 2902 794 2966; x_wconf 80' lang='lat' dir='ltr'>intellecti</span> <span class='ocrx_word' id='word_1_198' title='bbox 809 2912 872 2957; x_wconf 84' lang='lat' dir='ltr'>strat</span> 
     </span>
     <span class='ocr_line' id='line_1_29' title="bbox 80 2986 872 3065; baseline 0.019 -31"><span class='ocrx_word' id='word_1_199' title='bbox 80 2999 133 3046; x_wconf 82' lang='lat' dir='ltr'>pan</span> <span class='ocrx_word' id='word_1_200' title='bbox 154 3000 215 3041; x_wconf 89' lang='lat' dir='ltr'>esse</span> <span class='ocrx_word' id='word_1_201' title='bbox 233 2986 269 3042; x_wconf 91' lang='lat' dir='ltr'>dii</span> <span class='ocrx_word' id='word_1_202' title='bbox 291 2990 364 3054; x_wconf 91' lang='lat' dir='ltr'>reri,</span> <span class='ocrx_word' id='word_1_203' title='bbox 385 3007 434 3046; x_wconf 89' lang='lat' dir='ltr'>nec</span> <span class='ocrx_word' id='word_1_204' title='bbox 452 2993 562 3061; x_wconf 72' lang='lat' dir='ltr'>ansuino</span> <span class='ocrx_word' id='word_1_205' title='bbox 576 2993 647 3065; x_wconf 83' lang='lat' dir='ltr'>diqui</span> <span class='ocrx_word' id='word_1_206' title='bbox 660 2994 755 3064; x_wconf 90' lang='lat' dir='ltr'>quibus</span> <span class='ocrx_word' id='word_1_207' title='bbox 767 2994 872 3056; x_wconf 80' lang='lat' dir='ltr'>diriuos</span> 
     </span>
     <span class='ocr_line' id='line_1_30' title="bbox 80 3073 870 3154; baseline 0.016 -26"><span class='ocrx_word' id='word_1_208' title='bbox 80 3073 197 3132; x_wconf 86' lang='lat' dir='ltr'>horrores</span> <span class='ocrx_word' id='word_1_209' title='bbox 214 3078 329 3136; x_wconf 88' lang='lat' dir='ltr'>dclerret</span> <span class='ocrx_word' id='word_1_210' title='bbox 344 3082 386 3140; x_wconf 91' lang='lat' dir='ltr'>illa</span> <span class='ocrx_word' id='word_1_211' title='bbox 402 3085 570 3154; x_wconf 82' lang='lat' dir='ltr'>respublica?</span> <span class='ocrx_word' id='word_1_212' title='bbox 585 3085 657 3152; x_wconf 86' lang='lat' dir='ltr'>Quos</span> <span class='ocrx_word' id='word_1_213' title='bbox 670 3087 741 3140; x_wconf 89' lang='lat' dir='ltr'>cuitu</span> <span class='ocrx_word' id='word_1_214' title='bbox 754 3087 805 3141; x_wconf 92' lang='lat' dir='ltr'>coli</span> <span class='ocrx_word' id='word_1_215' title='bbox 818 3087 870 3141; x_wconf 90' lang='lat' dir='ltr'>mi-</span> 
     </span>
     <span class='ocr_line' id='line_1_31' title="bbox 80 3167 869 3247; baseline 0.02 -29"><span class='ocrx_word' id='word_1_216' title='bbox 80 3168 152 3224; x_wconf 91' lang='lat' dir='ltr'>nime</span> <span class='ocrx_word' id='word_1_217' title='bbox 165 3167 284 3235; x_wconf 85' lang='lat' dir='ltr'>deceret,</span> <span class='ocrx_word' id='word_1_218' title='bbox 299 3173 461 3245; x_wconf 88' lang='lat' dir='ltr'>minimeque</span> <span class='ocrx_word' id='word_1_219' title='bbox 473 3185 617 3245; x_wconf 85' lang='lat' dir='ltr'>oporteret,</span> <span class='ocrx_word' id='word_1_220' title='bbox 632 3178 653 3231; x_wconf 90' lang='lat' dir='ltr'>si</span> <span class='ocrx_word' id='word_1_221' title='bbox 670 3177 746 3233; x_wconf 90' lang='lat' dir='ltr'>ludos</span> <span class='ocrx_word' id='word_1_222' title='bbox 759 3185 869 3247; x_wconf 86' lang='lat' dir='ltr'>expele-</span> 
     </span>
     <span class='ocr_line' id='line_1_32' title="bbox 78 3260 870 3338; baseline 0.013 -25"><span class='ocrx_word' id='word_1_223' title='bbox 78 3266 138 3319; x_wconf 87' lang='lat' dir='ltr'>reut</span> <span class='ocrx_word' id='word_1_224' title='bbox 152 3260 270 3330; x_wconf 73' lang='lat' dir='ltr'>agendos</span> <span class='ocrx_word' id='word_1_225' title='bbox 283 3263 410 3320; x_wconf 82' lang='lat' dir='ltr'>conuiciis</span> <span class='ocrx_word' id='word_1_226' title='bbox 427 3264 605 3322; x_wconf 85' lang='lat' dir='ltr'>Romanorum</span> <span class='ocrx_word' id='word_1_227' title='bbox 618 3284 626 3333; x_wconf 89' lang='grc'><strong>;</strong></span> <span class='ocrx_word' id='word_1_228' title='bbox 641 3268 784 3338; x_wconf 89' lang='lat' dir='ltr'>quomado,</span> <span class='ocrx_word' id='word_1_229' title='bbox 797 3283 870 3338; x_wconf 84' lang='lat' dir='ltr'>qnae·</span> 
     </span>
     <span class='ocr_line' id='line_1_33' title="bbox 78 3344 869 3428; baseline 0.009 -18"><span class='ocrx_word' id='word_1_230' title='bbox 78 3364 124 3416; x_wconf 73' lang='lat' dir='ltr'>tio,</span> <span class='ocrx_word' id='word_1_231' title='bbox 144 3353 275 3408; x_wconf 80' lang='lat' dir='ltr'>colendi¹</span> <span class='ocrx_word' id='word_1_232' title='bbox 296 3358 379 3426; x_wconf 89' lang='lat' dir='ltr'>petati</span> <span class='ocrx_word' id='word_1_233' title='bbox 400 3367 476 3425; x_wconf 92' lang='lat' dir='ltr'>sunt,</span> <span class='ocrx_word' id='word_1_234' title='bbox 496 3359 629 3428; x_wconf 91' lang='lat' dir='ltr'>quomodo</span> <span class='ocrx_word' id='word_1_235' title='bbox 648 3375 700 3415; x_wconf 84' lang='grc' dir='ltr'>ιιοιι</span> <span class='ocrx_word' id='word_1_236' title='bbox 720 3344 869 3419; x_wconf 87' lang='lat' dir='ltr'>detestandi</span> 
     </span>
     <span class='ocr_line' id='line_1_34' title="bbox 77 3442 869 3517; baseline 0.018 -24"><span class='ocrx_word' id='word_1_237' title='bbox 77 3442 188 3508; x_wconf 83' lang='lat' dir='ltr'>spiritus</span> <span class='ocrx_word' id='word_1_238' title='bbox 203 3444 345 3513; x_wconf 87' lang='lat' dir='ltr'>intellecti,</span> <span class='ocrx_word' id='word_1_239' title='bbox 364 3447 408 3517; x_wconf 91' lang='lat' dir='ltr'>qui</span> <span class='ocrx_word' id='word_1_240' title='bbox 426 3449 571 3517; x_wconf 86' lang='lat' dir='ltr'>cupiditate</span> <span class='ocrx_word' id='word_1_241' title='bbox 593 3450 697 3507; x_wconf 89' lang='lat' dir='ltr'>lulleudi</span> <span class='ocrx_word' id='word_1_242' title='bbox 718 3451 787 3506; x_wconf 89' lang='lat' dir='ltr'>inter</span> <span class='ocrx_word' id='word_1_243' title='bbox 805 3466 869 3507; x_wconf 90' lang='lat' dir='ltr'>suos</span> 
     </span>
     <span class='ocr_line' id='line_1_35' title="bbox 78 3529 869 3612; baseline 0.015 -27"><span class='ocrx_word' id='word_1_244' title='bbox 78 3529 196 3609; x_wconf 67' lang='lat' dir='ltr'>putatores</span> <span class='ocrx_word' id='word_1_245' title='bbox 209 3550 256 3588; x_wconf 89' lang='lat' dir='ltr'>sua</span> <span class='ocrx_word' id='word_1_246' title='bbox 272 3537 399 3592; x_wconf 89' lang='lat' dir='ltr'>celebrari</span> <span class='ocrx_word' id='word_1_247' title='bbox 413 3539 523 3593; x_wconf 85' lang='lat' dir='ltr'>crimino</span> <span class='ocrx_word' id='word_1_248' title='bbox 540 3541 733 3610; x_wconf 82' lang='lat' dir='ltr'>poposcerunt?</span> <span class='ocrx_word' id='word_1_249' title='bbox 751 3541 869 3612; x_wconf 89' lang='lat' dir='ltr'>itemque</span> 
     </span>
     <span class='ocr_line' id='line_1_36' title="bbox 77 3621 869 3702; baseline 0.013 -26"><span class='ocrx_word' id='word_1_250' title='bbox 77 3621 201 3685; x_wconf 81' lang='lat' dir='ltr'>Romani,</span> <span class='ocrx_word' id='word_1_251' title='bbox 215 3626 405 3695; x_wconf 78' lang='lat' dir='ltr'>quamvisjam</span> <span class='ocrx_word' id='word_1_252' title='bbox 420 3631 609 3698; x_wconf 72' lang='lat' dir='ltr'>superstitione</span> <span class='ocrx_word' id='word_1_253' title='bbox 621 3632 701 3685; x_wconf 81' lang='lat' dir='ltr'>rrnria</span> <span class='ocrx_word' id='word_1_254' title='bbox 714 3646 869 3702; x_wconf 87' lang='lat' dir='ltr'>premeren-</span> 
     </span>
     <span class='ocr_line' id='line_1_37' title="bbox 78 3715 869 3790; baseline 0.015 -24"><span class='ocrx_word' id='word_1_255' title='bbox 78 3723 127 3781; x_wconf 84' lang='lat' dir='ltr'>tur,</span> <span class='ocrx_word' id='word_1_256' title='bbox 143 3726 170 3768; x_wconf 92' lang='lat' dir='ltr'>ut</span> <span class='ocrx_word' id='word_1_257' title='bbox 184 3715 244 3770; x_wconf 89' lang='lat' dir='ltr'>illos</span> <span class='ocrx_word' id='word_1_258' title='bbox 256 3717 320 3772; x_wconf 91' lang='lat' dir='ltr'>deos</span> <span class='ocrx_word' id='word_1_259' title='bbox 332 3719 460 3784; x_wconf 85' lang='lat' dir='ltr'>colerent,</span> <span class='ocrx_word' id='word_1_260' title='bbox 472 3736 539 3790; x_wconf 90' lang='lat' dir='ltr'>quos</span> <span class='ocrx_word' id='word_1_261' title='bbox 553 3721 676 3776; x_wconf 78' lang='lat' dir='ltr'>ridebant</span> <span class='ocrx_word' id='word_1_262' title='bbox 689 3722 739 3777; x_wconf 90' lang='lat' dir='ltr'>sibi</span> <span class='ocrx_word' id='word_1_263' title='bbox 752 3722 869 3778; x_wconf 83' lang='lat' dir='ltr'>voluisse</span> 
     </span>
     <span class='ocr_line' id='line_1_38' title="bbox 76 3805 866 3884; baseline 0.014 -27"><span class='ocrx_word' id='word_1_264' title='bbox 76 3805 195 3859; x_wconf 79' lang='lat' dir='ltr'>scenicas</span> <span class='ocrx_word' id='word_1_265' title='bbox 209 3807 386 3877; x_wconf 86' lang='lat' dir='ltr'>turpitudiues</span> <span class='ocrx_word' id='word_1_266' title='bbox 400 3814 567 3879; x_wconf 85' lang='lat' dir='ltr'>cortsecruri,</span> <span class='ocrx_word' id='word_1_267' title='bbox 582 3830 637 3868; x_wconf 80' lang='lat' dir='ltr'>sua</span> <span class='ocrx_word' id='word_1_268' title='bbox 651 3825 737 3868; x_wconf 89' lang='lat' dir='ltr'>tamen</span> <span class='ocrx_word' id='word_1_269' title='bbox 752 3813 866 3884; x_wconf 75' lang='lat' dir='ltr'>diguita-</span> 
     </span>
     <span class='ocr_line' id='line_1_39' title="bbox 77 3895 866 3975; baseline 0.014 -28"><span class='ocrx_word' id='word_1_270' title='bbox 77 3895 109 3949; x_wconf 87' lang='lat' dir='ltr'>tis</span> <span class='ocrx_word' id='word_1_271' title='bbox 131 3911 263 3952; x_wconf 86' lang='lat' dir='ltr'>memores</span> <span class='ocrx_word' id='word_1_272' title='bbox 282 3914 314 3954; x_wconf 89' lang='lat' dir='ltr'>ac</span> <span class='ocrx_word' id='word_1_273' title='bbox 334 3899 461 3969; x_wconf 68' lang='lat' dir='ltr'>preclaris,</span> <span class='ocrx_word' id='word_1_274' title='bbox 482 3915 586 3958; x_wconf 76' lang='lat' dir='ltr'>nerones</span> <span class='ocrx_word' id='word_1_275' title='bbox 608 3904 697 3959; x_wconf 86' lang='lat' dir='ltr'>talium</span> <span class='ocrx_word' id='word_1_276' title='bbox 718 3904 866 3975; x_wconf 78' lang='lat' dir='ltr'>fabularum</span> 
     </span>
     <span class='ocr_line' id='line_1_40' title="bbox 77 3987 866 4061; baseline 0.019 -24"><span class='ocrx_word' id='word_1_277' title='bbox 77 4001 243 4059; x_wconf 81' lang='lat' dir='ltr'>nequaqnam</span> <span class='ocrx_word' id='word_1_278' title='bbox 256 3987 454 4057; x_wconf 77' lang='lat' dir='ltr'>bonorarcrnnt</span> <span class='ocrx_word' id='word_1_279' title='bbox 468 4010 542 4050; x_wconf 76' lang='lat' dir='ltr'>arture</span> <span class='ocrx_word' id='word_1_280' title='bbox 557 3994 726 4061; x_wconf 77' lang='lat' dir='ltr'>Graecomm,</span> <span class='ocrx_word' id='word_1_281' title='bbox 739 3997 786 4053; x_wconf 83' lang='lat' dir='ltr'>sed</span> <span class='ocrx_word' id='word_1_282' title='bbox 798 3997 866 4052; x_wconf 91' lang='lat' dir='ltr'>sicut</span> 
     </span>
     <span class='ocr_line' id='line_1_41' title="bbox 75 4079 867 4157; baseline 0.02 -30"><span class='ocrx_word' id='word_1_283' title='bbox 75 4079 142 4148; x_wconf 83' lang='lat' dir='ltr'>apud</span> <span class='ocrx_word' id='word_1_284' title='bbox 158 4080 316 4136; x_wconf 84' lang='lat' dir='ltr'>Ciceronem</span> <span class='ocrx_word' id='word_1_285' title='bbox 329 4083 398 4137; x_wconf 88' lang='lat' dir='ltr'>idem</span> <span class='ocrx_word' id='word_1_286' title='bbox 415 4084 504 4156; x_wconf 89' lang='lat' dir='ltr'>Scipio</span> <span class='ocrx_word' id='word_1_287' title='bbox 518 4086 641 4157; x_wconf 84' lang='lat' dir='ltr'>loqrritnr,</span> <span class='ocrx_word' id='word_1_288' title='bbox 658 4088 720 4142; x_wconf 79' lang='lat' dir='ltr'>Cum</span> <span class='ocrx_word' id='word_1_289' title='bbox 733 4098 811 4143; x_wconf 83' lang='lat' dir='ltr'>artem</span> <span class='ocrx_word' id='word_1_290' title='bbox 826 4089 867 4152; x_wconf 76' lang='lat' dir='ltr'>lra-</span> 
     </span>
     <span class='ocr_line' id='line_1_42' title="bbox 77 4168 865 4250; baseline 0.016 -29"><span class='ocrx_word' id='word_1_291' title='bbox 77 4168 171 4221; x_wconf 89' lang='lat' dir='ltr'>tlirram</span> <span class='ocrx_word' id='word_1_292' title='bbox 192 4186 341 4243; x_wconf 74' lang='lat' dir='ltr'>scenamque</span> <span class='ocrx_word' id='word_1_293' title='bbox 363 4182 440 4227; x_wconf 87' lang='lat' dir='ltr'>totum</span> <span class='ocrx_word' id='word_1_294' title='bbox 459 4175 550 4244; x_wconf 81' lang='lat' dir='ltr'>probro</span> <span class='ocrx_word' id='word_1_295' title='bbox 565 4176 681 4234; x_wconf 86' lang='lat' dir='ltr'>ducerent</span> <span class='ocrx_word' id='word_1_296' title='bbox 698 4177 718 4245; x_wconf 83' lang='lat'>⁸,</span> <span class='ocrx_word' id='word_1_297' title='bbox 735 4194 812 4250; x_wconf 82' lang='lat' dir='ltr'>penas</span> <span class='ocrx_word' id='word_1_298' title='bbox 838 4179 865 4234; x_wconf 87' lang='lat' dir='ltr'>id</span> 
     </span>
     <span class='ocr_line' id='line_1_43' title="bbox 75 4259 863 4344; baseline 0.016 -33"><span class='ocrx_word' id='word_1_299' title='bbox 75 4259 203 4323; x_wconf 75' lang='lat' dir='ltr'>birotinum</span> <span class='ocrx_word' id='word_1_300' title='bbox 218 4278 268 4317; x_wconf 87' lang='lat' dir='ltr'>aon</span> <span class='ocrx_word' id='word_1_301' title='bbox 285 4266 361 4318; x_wconf 84' lang='lat' dir='ltr'>modo</span> <span class='ocrx_word' id='word_1_302' title='bbox 380 4266 474 4337; x_wconf 86' lang='lat' dir='ltr'>lrorrore</span> <span class='ocrx_word' id='word_1_303' title='bbox 490 4267 581 4322; x_wconf 88' lang='lat' dir='ltr'>ciuium</span> <span class='ocrx_word' id='word_1_304' title='bbox 595 4269 749 4344; x_wconf 84' lang='lat' dir='ltr'>reliquorum</span> <span class='ocrx_word' id='word_1_305' title='bbox 762 4286 863 4335; x_wconf 78' lang='lat' dir='ltr'>emere,</span> 
     </span>
     <span class='ocr_line' id='line_1_44' title="bbox 73 4351 861 4430; baseline 0.018 -27"><span class='ocrx_word' id='word_1_306' title='bbox 73 4351 117 4420; x_wconf 70' lang='lat' dir='ltr'>sed</span> <span class='ocrx_word' id='word_1_307' title='bbox 131 4354 205 4407; x_wconf 89' lang='lat' dir='ltr'>ctiam</span> <span class='ocrx_word' id='word_1_308' title='bbox 221 4355 285 4408; x_wconf 83' lang='lat' dir='ltr'>tribu</span> <span class='ocrx_word' id='word_1_309' title='bbox 299 4358 392 4410; x_wconf 83' lang='lat' dir='ltr'>moueri</span> <span class='ocrx_word' id='word_1_310' title='bbox 405 4358 440 4430; x_wconf 78' lang='lat' dir='ltr'>(c)</span> <span class='ocrx_word' id='word_1_311' title='bbox 456 4362 583 4414; x_wconf 87' lang='lat' dir='ltr'>notatione</span> <span class='ocrx_word' id='word_1_312' title='bbox 597 4363 708 4415; x_wconf 83' lang='lat' dir='ltr'>censoria</span> <span class='ocrx_word' id='word_1_313' title='bbox 720 4362 861 4417; x_wconf 77' lang='lat' dir='ltr'>minorant.</span> 
     </span>
     <span class='ocr_line' id='line_1_45' title="bbox 74 4440 863 4513; baseline 0.014 -19"><span class='ocrx_word' id='word_1_314' title='bbox 74 4440 203 4496; x_wconf 80' lang='lat' dir='ltr'>l&#39;rmclara</span> <span class='ocrx_word' id='word_1_315' title='bbox 222 4460 303 4513; x_wconf 89' lang='lat' dir='ltr'>sanc,</span> <span class='ocrx_word' id='word_1_316' title='bbox 326 4455 354 4500; x_wconf 89' lang='lat' dir='ltr'>et</span> <span class='ocrx_word' id='word_1_317' title='bbox 373 4446 499 4503; x_wconf 72' lang='lat' dir='ltr'>llortranis</span> <span class='ocrx_word' id='word_1_318' title='bbox 522 4449 642 4504; x_wconf 89' lang='lat' dir='ltr'>laudibus</span> <span class='ocrx_word' id='word_1_319' title='bbox 664 4452 863 4507; x_wconf 88' lang='lat' dir='ltr'>anuumeraudu</span> 
     </span>
     <span class='ocr_line' id='line_1_46' title="bbox 73 4533 863 4610; baseline 0.01 -24"><span class='ocrx_word' id='word_1_320' title='bbox 73 4533 213 4600; x_wconf 86' lang='lat' dir='ltr'>prudentia</span> <span class='ocrx_word' id='word_1_321' title='bbox 226 4553 235 4591; x_wconf 77' lang='lat' dir='ltr'>a</span> <span class='ocrx_word' id='word_1_322' title='bbox 248 4535 295 4592; x_wconf 86' lang='lat' dir='ltr'>sed</span> <span class='ocrx_word' id='word_1_323' title='bbox 311 4539 404 4593; x_wconf 88' lang='lat' dir='ltr'>rellcru</span> <span class='ocrx_word' id='word_1_324' title='bbox 420 4554 449 4593; x_wconf 88' lang='lat' dir='ltr'>se</span> <span class='ocrx_word' id='word_1_325' title='bbox 470 4539 524 4607; x_wconf 87' lang='lat' dir='ltr'>ipsa</span> <span class='ocrx_word' id='word_1_326' title='bbox 546 4549 710 4610; x_wconf 84' lang='lat' dir='ltr'>sequeretur,</span> <span class='ocrx_word' id='word_1_327' title='bbox 726 4558 756 4597; x_wconf 80' lang='lat' dir='ltr'>se</span> <span class='ocrx_word' id='word_1_328' title='bbox 774 4541 863 4596; x_wconf 88' lang='lat' dir='ltr'>itrrita·</span> 
     </span>
     <span class='ocr_line' id='line_1_47' title="bbox 73 4627 861 4700; baseline 0.011 -20"><span class='ocrx_word' id='word_1_329' title='bbox 73 4633 156 4700; x_wconf 78' lang='lat' dir='ltr'>retur.</span> <span class='ocrx_word' id='word_1_330' title='bbox 171 4627 240 4683; x_wconf 79' lang='lat' dir='ltr'>Ecce</span> <span class='ocrx_word' id='word_1_331' title='bbox 250 4628 320 4684; x_wconf 86' lang='lat' dir='ltr'>enim</span> <span class='ocrx_word' id='word_1_332' title='bbox 335 4637 424 4694; x_wconf 87' lang='lat' dir='ltr'>recte,</span> <span class='ocrx_word' id='word_1_333' title='bbox 440 4629 559 4700; x_wconf 89' lang='lat' dir='ltr'>quisquis</span> <span class='ocrx_word' id='word_1_334' title='bbox 573 4633 668 4699; x_wconf 82' lang='lat' dir='ltr'>cirinum</span> <span class='ocrx_word' id='word_1_335' title='bbox 683 4633 861 4689; x_wconf 85' lang='lat' dir='ltr'>Rorrranorum</span> 
     </span>
     <span class='ocr_line' id='line_1_48' title="bbox 71 4720 862 4793; baseline 0.008 -19"><span class='ocrx_word' id='word_1_336' title='bbox 71 4734 131 4774; x_wconf 85' lang='lat' dir='ltr'>esse</span> <span class='ocrx_word' id='word_1_337' title='bbox 145 4720 266 4776; x_wconf 78' lang='lat' dir='ltr'>seusticus</span> <span class='ocrx_word' id='word_1_338' title='bbox 277 4721 410 4793; x_wconf 76' lang='lat' dir='ltr'>elegisset,</span> <span class='ocrx_word' id='word_1_339' title='bbox 427 4739 478 4778; x_wconf 89' lang='lat' dir='ltr'>tran</span> <span class='ocrx_word' id='word_1_340' title='bbox 491 4723 576 4778; x_wconf 90' lang='lat' dir='ltr'>solum</span> <span class='ocrx_word' id='word_1_341' title='bbox 590 4725 613 4778; x_wconf 93' lang='lat' dir='ltr'>ei</span> <span class='ocrx_word' id='word_1_342' title='bbox 629 4723 717 4779; x_wconf 93' lang='lat' dir='ltr'>nullus</span> <span class='ocrx_word' id='word_1_343' title='bbox 731 4725 763 4779; x_wconf 89' lang='lat' dir='ltr'>ad</span> <span class='ocrx_word' id='word_1_344' title='bbox 779 4725 862 4780; x_wconf 86' lang='lat' dir='ltr'>lrouo·</span> 
     </span>
    </p>
   </div>
   <div class='ocr_carea' id='block_1_6' title="bbox 65 4897 882 5797">
    <p class='ocr_par' dir='ltr' id='par_1_6' title="bbox 103 4897 431 4962">
     <span class='ocr_line' id='line_1_49' title="bbox 103 4897 431 4962; baseline 0.009 -16"><span class='ocrx_word' id='word_1_345' title='bbox 103 4899 110 4930; x_wconf 73' lang='grc' dir='ltr'>ι</span> <span class='ocrx_word' id='word_1_346' title='bbox 129 4897 224 4962; x_wconf 79' lang='lat' dir='ltr'>aliquot</span> <span class='ocrx_word' id='word_1_347' title='bbox 234 4904 298 4957; x_wconf 79' lang='lat' dir='ltr'>tiss..</span> <span class='ocrx_word' id='word_1_348' title='bbox 310 4912 431 4950; x_wconf 79' lang='lat' dir='ltr'>asserere.</span> 
     </span>
    </p>

    <p class='ocr_par' dir='ltr' id='par_1_7' title="bbox 69 4960 861 5150">
     <span class='ocr_line' id='line_1_50' title="bbox 100 4960 861 5038; baseline 0.011 -30"><span class='ocrx_word' id='word_1_349' title='bbox 100 4961 111 4991; x_wconf 84' lang='lat'><strong>¹</strong></span> <span class='ocrx_word' id='word_1_350' title='bbox 127 4967 193 5033; x_wconf 78' lang='lat' dir='ltr'>tan,</span> <span class='ocrx_word' id='word_1_351' title='bbox 204 4960 330 5024; x_wconf 76' lang='lat' dir='ltr'>monada,</span> <span class='ocrx_word' id='word_1_352' title='bbox 341 4974 431 5026; x_wconf 80' lang='lat' dir='ltr'>queso,</span> <span class='ocrx_word' id='word_1_353' title='bbox 443 4962 478 5014; x_wconf 84' lang='lat' dir='ltr'>aii</span> <span class='ocrx_word' id='word_1_354' title='bbox 488 4963 591 5038; x_wconf 75' lang='lat' dir='ltr'>mletdi.</span> <span class='ocrx_word' id='word_1_355' title='bbox 606 4966 729 5014; x_wconf 76' lang='lat' dir='ltr'>acetaria</span> <span class='ocrx_word' id='word_1_356' title='bbox 739 4962 808 5017; x_wconf 88' lang='lat' dir='ltr'>libris</span> <span class='ocrx_word' id='word_1_357' title='bbox 817 4964 861 5032; x_wconf 64' lang='lat' dir='ltr'>ab</span> 
     </span>
     <span class='ocr_line' id='line_1_51' title="bbox 69 5023 695 5150; baseline 0.003 -17"><span class='ocrx_word' id='word_1_358' title='bbox 69 5030 117 5115; x_wconf 48' lang='lat' dir='ltr'>ms</span> <span class='ocrx_word' id='word_1_359' title='bbox 127 5023 195 5134; x_wconf 63' lang='lat' dir='ltr'>iim</span> <span class='ocrx_word' id='word_1_360' title='bbox 207 5092 257 5134; x_wconf 80' lang='lat' dir='ltr'>tm.</span> <span class='ocrx_word' id='word_1_361' title='bbox 270 5091 308 5133; x_wconf 73' lang='lat' dir='ltr'>tir.</span> <span class='ocrx_word' id='word_1_362' title='bbox 325 5091 352 5135; x_wconf 92' lang='lat' dir='ltr'>et</span> <span class='ocrx_word' id='word_1_363' title='bbox 362 5091 426 5147; x_wconf 81' lang='lat' dir='ltr'>tiss,</span> <span class='ocrx_word' id='word_1_364' title='bbox 438 5086 463 5137; x_wconf 89' lang='lat' dir='ltr'>in</span> <span class='ocrx_word' id='word_1_365' title='bbox 474 5087 562 5150; x_wconf 82' lang='lat' dir='ltr'>probro</span> <span class='ocrx_word' id='word_1_366' title='bbox 572 5087 695 5138; x_wconf 76' lang='lat' dir='ltr'>ducerent.</span> 
     </span>
    </p>

    <p class='ocr_par' dir='ltr' id='par_1_8' title="bbox 68 5166 882 5532">
     <span class='ocr_line' id='line_1_52' title="bbox 100 5166 860 5243; baseline 0.008 -29"><span class='ocrx_word' id='word_1_367' title='bbox 100 5166 137 5228; x_wconf 82' lang='lat' dir='ltr'>(a)</span> <span class='ocrx_word' id='word_1_368' title='bbox 149 5166 232 5225; x_wconf 69' lang='lat' dir='ltr'>curia</span> <span class='ocrx_word' id='word_1_369' title='bbox 245 5166 313 5217; x_wconf 87' lang='lat' dir='ltr'>loeus</span> <span class='ocrx_word' id='word_1_370' title='bbox 322 5168 405 5239; x_wconf 78' lang='lat' dir='ltr'>inqua</span> <span class='ocrx_word' id='word_1_371' title='bbox 416 5176 516 5218; x_wconf 86' lang='lat' dir='ltr'>senatus</span> <span class='ocrx_word' id='word_1_372' title='bbox 534 5170 678 5230; x_wconf 85' lang='lat' dir='ltr'>habebatur,</span> <span class='ocrx_word' id='word_1_373' title='bbox 687 5170 726 5222; x_wconf 91' lang='lat' dir='ltr'>bic</span> <span class='ocrx_word' id='word_1_374' title='bbox 736 5184 779 5234; x_wconf 93' lang='lat' dir='ltr'>pro</span> <span class='ocrx_word' id='word_1_375' title='bbox 788 5183 860 5243; x_wconf 62' lang='lat' dir='ltr'>senen</span> 
     </span>
     <span class='ocr_line' id='line_1_53' title="bbox 68 5229 860 5302; baseline 0.009 -26"><span class='ocrx_word' id='word_1_376' title='bbox 68 5230 283 5300; x_wconf 74' lang='lat' dir='ltr'>truitruspouitur3</span> <span class='ocrx_word' id='word_1_377' title='bbox 295 5229 446 5291; x_wconf 78' lang='lat' dir='ltr'>candabria,</span> <span class='ocrx_word' id='word_1_378' title='bbox 458 5230 522 5302; x_wconf 85' lang='lat' dir='ltr'>quod</span> <span class='ocrx_word' id='word_1_379' title='bbox 540 5232 655 5294; x_wconf 88' lang='lat' dir='ltr'>templum</span> <span class='ocrx_word' id='word_1_380' title='bbox 665 5234 727 5283; x_wconf 83' lang='lat' dir='ltr'>toris</span> <span class='ocrx_word' id='word_1_381' title='bbox 741 5240 803 5292; x_wconf 89' lang='lat' dir='ltr'>crat,</span> <span class='ocrx_word' id='word_1_382' title='bbox 815 5244 860 5295; x_wconf 86' lang='lat' dir='ltr'>pro</span> 
     </span>
     <span class='ocr_line' id='line_1_54' title="bbox 70 5291 858 5419; baseline 0.005 -19"><span class='ocrx_word' id='word_1_383' title='bbox 70 5291 271 5414; x_wconf 54' lang='lat' dir='ltr'>trunn)d⁷lresr.emoe</span> <span class='ocrx_word' id='word_1_384' title='bbox 289 5358 382 5408; x_wconf 82' lang='lat' dir='ltr'>uerter,</span> <span class='ocrx_word' id='word_1_385' title='bbox 402 5353 450 5411; x_wconf 89' lang='lat' dir='ltr'>ait,</span> <span class='ocrx_word' id='word_1_386' title='bbox 467 5354 509 5416; x_wconf 92' lang='lat' dir='ltr'>qui</span> <span class='ocrx_word' id='word_1_387' title='bbox 532 5356 645 5405; x_wconf 86' lang='lat' dir='ltr'>uiaticum</span> <span class='ocrx_word' id='word_1_388' title='bbox 664 5363 740 5418; x_wconf 79' lang='lat' dir='ltr'>geute</span> <span class='ocrx_word' id='word_1_389' title='bbox 759 5355 858 5419; x_wconf 88' lang='lat' dir='ltr'>quidem</span> 
     </span>
     <span class='ocr_line' id='line_1_55' title="bbox 69 5406 882 5480; baseline 0.011 -22"><span class='ocrx_word' id='word_1_390' title='bbox 69 5406 132 5469; x_wconf 81' lang='lat' dir='ltr'>aler,</span> <span class='ocrx_word' id='word_1_391' title='bbox 144 5412 188 5462; x_wconf 88' lang='lat' dir='ltr'>sed</span> <span class='ocrx_word' id='word_1_392' title='bbox 205 5413 501 5475; x_wconf 77' lang='lat' dir='ltr'>amiliarissituusscipioai</span> <span class='ocrx_word' id='word_1_393' title='bbox 513 5413 567 5474; x_wconf 89' lang='lat' dir='ltr'>luit,</span> <span class='ocrx_word' id='word_1_394' title='bbox 577 5417 640 5466; x_wconf 92' lang='lat' dir='ltr'>sicut</span> <span class='ocrx_word' id='word_1_395' title='bbox 651 5425 677 5466; x_wconf 91' lang='lat' dir='ltr'>et</span> <span class='ocrx_word' id='word_1_396' title='bbox 686 5417 788 5477; x_wconf 71' lang='lat' dir='ltr'>{aeliae</span> <span class='ocrx_word' id='word_1_397' title='bbox 804 5419 858 5480; x_wconf 89' lang='lat' dir='ltr'>qul·</span> <span class='ocrx_word' id='word_1_398' title='bbox 877 5427 882 5439; x_wconf 79' lang='lat'><strong>·</strong></span> 
     </span>
     <span class='ocr_line' id='line_1_56' title="bbox 68 5473 681 5532; baseline 0.002 -8"><span class='ocrx_word' id='word_1_399' title='bbox 68 5473 115 5524; x_wconf 82' lang='lat' dir='ltr'>bus</span> <span class='ocrx_word' id='word_1_400' title='bbox 126 5474 205 5523; x_wconf 86' lang='lat' dir='ltr'>lerunt</span> <span class='ocrx_word' id='word_1_401' title='bbox 217 5475 323 5532; x_wconf 67' lang='lat' dir='ltr'>aduttum</span> <span class='ocrx_word' id='word_1_402' title='bbox 336 5485 392 5522; x_wconf 71' lang='lat' dir='ltr'>csse</span> <span class='ocrx_word' id='word_1_403' title='bbox 404 5475 427 5522; x_wconf 92' lang='lat' dir='ltr'>iu</span> <span class='ocrx_word' id='word_1_404' title='bbox 439 5475 575 5527; x_wconf 84' lang='lat' dir='ltr'>scriltentlis</span> <span class='ocrx_word' id='word_1_405' title='bbox 586 5475 681 5527; x_wconf 74' lang='lat' dir='ltr'>fabulis.</span> 
     </span>
    </p>

    <p class='ocr_par' dir='ltr' id='par_1_9' title="bbox 65 5534 858 5797">
     <span class='ocr_line' id='line_1_57' title="bbox 99 5534 858 5601; baseline 0.004 -16"><span class='ocrx_word' id='word_1_406' title='bbox 99 5536 134 5599; x_wconf 76' lang='lat' dir='ltr'>(a)</span> <span class='ocrx_word' id='word_1_407' title='bbox 148 5535 220 5585; x_wconf 74' lang='lat' dir='ltr'>Trina</span> <span class='ocrx_word' id='word_1_408' title='bbox 236 5534 343 5594; x_wconf 83' lang='lat' dir='ltr'>mareri,</span> <span class='ocrx_word' id='word_1_409' title='bbox 363 5548 419 5596; x_wconf 73' lang='lat' dir='ltr'>quas</span> <span class='ocrx_word' id='word_1_410' title='bbox 437 5549 507 5596; x_wconf 77' lang='lat' dir='ltr'>quana</span> <span class='ocrx_word' id='word_1_411' title='bbox 520 5546 572 5588; x_wconf 88' lang='lat' dir='ltr'>erat</span> <span class='ocrx_word' id='word_1_412' title='bbox 583 5540 705 5589; x_wconf 87' lang='lat' dir='ltr'>bominum</span> <span class='ocrx_word' id='word_1_413' title='bbox 717 5540 858 5601; x_wconf 87' lang='lat' dir='ltr'>plebeiisau</span> 
     </span>
     <span class='ocr_line' id='line_1_58' title="bbox 68 5597 858 5658; baseline 0.008 -16"><span class='ocrx_word' id='word_1_414' title='bbox 68 5599 132 5651; x_wconf 83' lang='lat' dir='ltr'>tertii</span> <span class='ocrx_word' id='word_1_415' title='bbox 144 5599 243 5651; x_wconf 74' lang='lat' dir='ltr'>acclinis.</span> <span class='ocrx_word' id='word_1_416' title='bbox 251 5597 315 5647; x_wconf 84' lang='lat' dir='ltr'>idem</span> <span class='ocrx_word' id='word_1_417' title='bbox 325 5598 397 5645; x_wconf 80' lang='lat' dir='ltr'>uisse</span> <span class='ocrx_word' id='word_1_418' title='bbox 407 5603 481 5658; x_wconf 80' lang='lat' dir='ltr'>atique</span> <span class='ocrx_word' id='word_1_419' title='bbox 491 5613 521 5647; x_wconf 81' lang='lat' dir='ltr'>cr</span> <span class='ocrx_word' id='word_1_420' title='bbox 531 5614 577 5648; x_wconf 82' lang='lat' dir='ltr'>arna</span> <span class='ocrx_word' id='word_1_421' title='bbox 585 5600 649 5650; x_wconf 91' lang='lat' dir='ltr'>tribu</span> <span class='ocrx_word' id='word_1_422' title='bbox 655 5601 773 5652; x_wconf 86' lang='lat' dir='ltr'>nobiliore</span> <span class='ocrx_word' id='word_1_423' title='bbox 783 5612 858 5652; x_wconf 88' lang='lat' dir='ltr'>truns-</span> 
     </span>
     <span class='ocr_line' id='line_1_59' title="bbox 67 5653 854 5729; baseline 0.01 -26"><span class='ocrx_word' id='word_1_424' title='bbox 67 5653 123 5720; x_wconf 76' lang='lat' dir='ltr'>t&#39;erri</span> <span class='ocrx_word' id='word_1_425' title='bbox 136 5660 161 5707; x_wconf 90' lang='lat' dir='ltr'>iu</span> <span class='ocrx_word' id='word_1_426' title='bbox 173 5657 349 5722; x_wconf 75' lang='lat' dir='ltr'>igurrbilioreru,</span> <span class='ocrx_word' id='word_1_427' title='bbox 364 5658 505 5719; x_wconf 76' lang='lat' dir='ltr'>intelligitur</span> <span class='ocrx_word' id='word_1_428' title='bbox 517 5674 547 5709; x_wconf 85' lang='lat' dir='ltr'>er</span> <span class='ocrx_word' id='word_1_429' title='bbox 561 5662 631 5717; x_wconf 81' lang='lat' dir='ltr'>tirio,</span> <span class='ocrx_word' id='word_1_430' title='bbox 650 5661 690 5712; x_wconf 84' lang='lat' dir='ltr'>tin.</span> <span class='ocrx_word' id='word_1_431' title='bbox 704 5665 742 5726; x_wconf 78' lang='lat' dir='ltr'>lii,</span> <span class='ocrx_word' id='word_1_432' title='bbox 755 5677 806 5729; x_wconf 77' lang='lat' dir='ltr'>cap.</span> <span class='ocrx_word' id='word_1_433' title='bbox 820 5664 854 5729; x_wconf 62' lang='grc' dir='ltr'>ιδ’.</span> 
     </span>
     <span class='ocr_line' id='line_1_60' title="bbox 65 5720 745 5797; baseline 0.009 -29"><span class='ocrx_word' id='word_1_434' title='bbox 65 5729 113 5769; x_wconf 74' lang='lat' dir='ltr'>tert</span> <span class='ocrx_word' id='word_1_435' title='bbox 124 5735 151 5770; x_wconf 83' lang='lat' dir='ltr'>et</span> <span class='ocrx_word' id='word_1_436' title='bbox 166 5720 345 5774; x_wconf 65' lang='lat' dir='ltr'>tertuttianum,</span> <span class='ocrx_word' id='word_1_437' title='bbox 355 5721 540 5797; x_wconf 65' lang='lat' dir='ltr'>tlcspectuettlis</span> <span class='ocrx_word' id='word_1_438' title='bbox 550 5731 603 5787; x_wconf 69' lang='lat' dir='ltr'>wli.</span> <span class='ocrx_word' id='word_1_439' title='bbox 617 5723 655 5777; x_wconf 68' lang='lat'>22.</span> <span class='ocrx_word' id='word_1_440' title='bbox 743 5734 745 5740; x_wconf 89' lang='lat'>&#39;</span> 
     </span>
    </p>
   </div>
   <div class='ocr_carea' id='block_1_7' title="bbox 738 271 1046 334">
    <p class='ocr_par' dir='ltr' id='par_1_10' title="bbox 738 271 1046 334">
     <span class='ocr_line' id='line_1_61' title="bbox 738 271 1046 334; baseline 0.01 -7"><span class='ocrx_word' id='word_1_441' title='bbox 738 271 838 328; x_wconf 73' lang='lat' dir='ltr'>tibuit</span> <span class='ocrx_word' id='word_1_442' title='bbox 857 271 1046 334; x_wconf 71' lang='lat' dir='ltr'><strong>SECUNDUS.</strong></span> 
     </span>
    </p>
   </div>
   <div class='ocr_carea' id='block_1_8' title="bbox 915 394 1723 5056">
    <p class='ocr_par' dir='ltr' id='par_1_11' title="bbox 927 394 1723 2227">
     <span class='ocr_line' id='line_1_62' title="bbox 938 394 1723 479; baseline 0.036 -33"><span class='ocrx_word' id='word_1_443' title='bbox 938 407 994 447; x_wconf 89' lang='lat' dir='ltr'>reru</span> <span class='ocrx_word' id='word_1_444' title='bbox 1007 394 1118 451; x_wconf 86' lang='lat' dir='ltr'>dabatur</span> <span class='ocrx_word' id='word_1_445' title='bbox 1131 397 1213 465; x_wconf 89' lang='lat' dir='ltr'>loeus,</span> <span class='ocrx_word' id='word_1_446' title='bbox 1228 415 1318 457; x_wconf 90' lang='lat' dir='ltr'>rerum</span> <span class='ocrx_word' id='word_1_447' title='bbox 1331 405 1410 461; x_wconf 86' lang='lat' dir='ltr'>etiam</span> <span class='ocrx_word' id='word_1_448' title='bbox 1423 413 1542 467; x_wconf 86' lang='lat' dir='ltr'>censoris</span> <span class='ocrx_word' id='word_1_449' title='bbox 1554 421 1615 470; x_wconf 87' lang='lat' dir='ltr'>uota</span> <span class='ocrx_word' id='word_1_450' title='bbox 1626 417 1723 479; x_wconf 88' lang='lat' dir='ltr'>tribum</span> 
     </span>
     <span class='ocr_line' id='line_1_63' title="bbox 936 489 1723 571; baseline 0.039 -35"><span class='ocrx_word' id='word_1_451' title='bbox 936 494 1026 542; x_wconf 85' lang='lat' dir='ltr'>umcre</span> <span class='ocrx_word' id='word_1_452' title='bbox 1039 489 1171 557; x_wconf 89' lang='lat' dir='ltr'>propriam</span> <span class='ocrx_word' id='word_1_453' title='bbox 1185 492 1292 548; x_wconf 88' lang='lat' dir='ltr'>minime</span> <span class='ocrx_word' id='word_1_454' title='bbox 1306 496 1451 554; x_wconf 86' lang='lat' dir='ltr'>sinebatur.</span> <span class='ocrx_word' id='word_1_455' title='bbox 1464 501 1487 571; x_wconf 78' lang='lat'>0,</span> <span class='ocrx_word' id='word_1_456' title='bbox 1500 505 1615 562; x_wconf 90' lang='lat' dir='ltr'>animaru</span> <span class='ocrx_word' id='word_1_457' title='bbox 1630 508 1723 567; x_wconf 88' lang='lat' dir='ltr'>cirita·</span> 
     </span>
     <span class='ocr_line' id='line_1_64' title="bbox 936 575 1721 669; baseline 0.037 -43"><span class='ocrx_word' id='word_1_458' title='bbox 936 584 968 627; x_wconf 87' lang='lat' dir='ltr'>trs</span> <span class='ocrx_word' id='word_1_459' title='bbox 990 575 1073 630; x_wconf 89' lang='lat' dir='ltr'>laudis</span> <span class='ocrx_word' id='word_1_460' title='bbox 1091 578 1214 646; x_wconf 90' lang='lat' dir='ltr'>aridum,</span> <span class='ocrx_word' id='word_1_461' title='bbox 1232 599 1408 669; x_wconf 77' lang='lat' dir='ltr'>germaneque</span> <span class='ocrx_word' id='word_1_462' title='bbox 1428 593 1465 665; x_wconf 83' lang='lat' dir='ltr'>(a)</span> <span class='ocrx_word' id='word_1_463' title='bbox 1484 594 1648 654; x_wconf 84' lang='lat' dir='ltr'>Rauranum!</span> <span class='ocrx_word' id='word_1_464' title='bbox 1669 603 1721 661; x_wconf 85' lang='lat' dir='ltr'>Sed</span> 
     </span>
     <span class='ocr_line' id='line_1_65' title="bbox 936 669 1722 752; baseline 0.036 -33"><span class='ocrx_word' id='word_1_465' title='bbox 936 669 1125 737; x_wconf 79' lang='lat' dir='ltr'>respondeatur</span> <span class='ocrx_word' id='word_1_466' title='bbox 1137 671 1215 738; x_wconf 85' lang='lat' dir='ltr'>aiibi,</span> <span class='ocrx_word' id='word_1_467' title='bbox 1229 691 1279 746; x_wconf 88' lang='lat' dir='ltr'>qua</span> <span class='ocrx_word' id='word_1_468' title='bbox 1295 693 1469 738; x_wconf 84' lang='lat' dir='ltr'>consentanea</span> <span class='ocrx_word' id='word_1_469' title='bbox 1485 687 1587 742; x_wconf 85' lang='lat' dir='ltr'>ratirtne</span> <span class='ocrx_word' id='word_1_470' title='bbox 1602 690 1722 752; x_wconf 84' lang='lat' dir='ltr'>lrmuines</span> 
     </span>
     <span class='ocr_line' id='line_1_66' title="bbox 934 761 1722 844; baseline 0.039 -31"><span class='ocrx_word' id='word_1_471' title='bbox 934 761 1029 821; x_wconf 85' lang='lat' dir='ltr'>scenici</span> <span class='ocrx_word' id='word_1_472' title='bbox 1049 762 1083 814; x_wconf 87' lang='lat' dir='ltr'>ab</span> <span class='ocrx_word' id='word_1_473' title='bbox 1100 765 1172 820; x_wconf 93' lang='lat' dir='ltr'>omni</span> <span class='ocrx_word' id='word_1_474' title='bbox 1193 765 1293 825; x_wconf 87' lang='lat' dir='ltr'>lrnuore</span> <span class='ocrx_word' id='word_1_475' title='bbox 1308 774 1485 842; x_wconf 87' lang='lat' dir='ltr'>repelluntur,</span> <span class='ocrx_word' id='word_1_476' title='bbox 1502 787 1529 833; x_wconf 90' lang='lat' dir='ltr'>et</span> <span class='ocrx_word' id='word_1_477' title='bbox 1549 780 1602 836; x_wconf 90' lang='lat' dir='ltr'>lrnli</span> <span class='ocrx_word' id='word_1_478' title='bbox 1623 786 1722 844; x_wconf 86' lang='lat' dir='ltr'>scenici</span> 
     </span>
     <span class='ocr_line' id='line_1_67' title="bbox 934 850 1722 934; baseline 0.036 -30"><span class='ocrx_word' id='word_1_479' title='bbox 934 850 1044 906; x_wconf 91' lang='lat' dir='ltr'>denrmn</span> <span class='ocrx_word' id='word_1_480' title='bbox 1059 853 1203 914; x_wconf 86' lang='lat' dir='ltr'>bonoribus</span> <span class='ocrx_word' id='word_1_481' title='bbox 1216 860 1413 919; x_wconf 79' lang='lat' dir='ltr'>admiscentur?</span> <span class='ocrx_word' id='word_1_482' title='bbox 1426 866 1485 929; x_wconf 85' lang='lat' dir='ltr'>lllas</span> <span class='ocrx_word' id='word_1_483' title='bbox 1498 871 1638 930; x_wconf 78' lang='lat' dir='ltr'>tltertricus</span> <span class='ocrx_word' id='word_1_484' title='bbox 1651 886 1722 934; x_wconf 87' lang='lat' dir='ltr'>artes</span> 
     </span>
     <span class='ocr_line' id='line_1_68' title="bbox 933 940 1722 1032; baseline 0.022 -38"><span class='ocrx_word' id='word_1_485' title='bbox 933 940 977 996; x_wconf 91' lang='lat' dir='ltr'>diu</span> <span class='ocrx_word' id='word_1_486' title='bbox 991 944 1074 1000; x_wconf 91' lang='lat' dir='ltr'>rirtns</span> <span class='ocrx_word' id='word_1_487' title='bbox 1092 946 1210 1004; x_wconf 84' lang='lat' dir='ltr'>Romana</span> <span class='ocrx_word' id='word_1_488' title='bbox 1225 967 1276 1006; x_wconf 91' lang='lat' dir='ltr'>nou</span> <span class='ocrx_word' id='word_1_489' title='bbox 1292 967 1401 1011; x_wconf 77' lang='lat' dir='ltr'>noverat</span> <span class='ocrx_word' id='word_1_490' title='bbox 1413 958 1450 1032; x_wconf 82' lang='lat' dir='ltr'>(b)</span> <span class='ocrx_word' id='word_1_491' title='bbox 1468 978 1547 1031; x_wconf 75' lang='lat' dir='ltr'>:que</span> <span class='ocrx_word' id='word_1_492' title='bbox 1562 965 1585 1021; x_wconf 92' lang='lat' dir='ltr'>si</span> <span class='ocrx_word' id='word_1_493' title='bbox 1599 967 1632 1021; x_wconf 90' lang='lat' dir='ltr'>ad</span> <span class='ocrx_word' id='word_1_494' title='bbox 1646 968 1722 1025; x_wconf 88' lang='lat' dir='ltr'>oble.</span> 
     </span>
     <span class='ocr_line' id='line_1_69' title="bbox 932 1043 1722 1124; baseline 0.033 -33"><span class='ocrx_word' id='word_1_495' title='bbox 932 1045 1093 1095; x_wconf 86' lang='lat' dir='ltr'>ciarrtcutum</span> <span class='ocrx_word' id='word_1_496' title='bbox 1105 1043 1245 1114; x_wconf 83' lang='lat' dir='ltr'>rrduptatis</span> <span class='ocrx_word' id='word_1_497' title='bbox 1255 1046 1377 1104; x_wconf 81' lang='lat' dir='ltr'>ltumanrc</span> <span class='ocrx_word' id='word_1_498' title='bbox 1387 1065 1579 1124; x_wconf 76' lang='lat' dir='ltr'>quererentur,</span> <span class='ocrx_word' id='word_1_499' title='bbox 1589 1059 1653 1114; x_wconf 90' lang='lat' dir='ltr'>ritin</span> <span class='ocrx_word' id='word_1_500' title='bbox 1664 1078 1722 1117; x_wconf 91' lang='lat' dir='ltr'>mo·</span> 
     </span>
     <span class='ocr_line' id='line_1_70' title="bbox 933 1131 1721 1224; baseline 0.032 -42"><span class='ocrx_word' id='word_1_501' title='bbox 933 1144 990 1200; x_wconf 89' lang='lat' dir='ltr'>rum</span> <span class='ocrx_word' id='word_1_502' title='bbox 1006 1131 1154 1201; x_wconf 82' lang='lat' dir='ltr'>irreperent</span> <span class='ocrx_word' id='word_1_503' title='bbox 1167 1134 1352 1194; x_wconf 83' lang='lat' dir='ltr'>bumanorum.</span> <span class='ocrx_word' id='word_1_504' title='bbox 1368 1141 1406 1197; x_wconf 91' lang='lat' dir='ltr'>llll</span> <span class='ocrx_word' id='word_1_505' title='bbox 1420 1159 1467 1200; x_wconf 88' lang='lat' dir='ltr'>eas</span> <span class='ocrx_word' id='word_1_506' title='bbox 1479 1147 1528 1202; x_wconf 88' lang='lat' dir='ltr'>sibi</span> <span class='ocrx_word' id='word_1_507' title='bbox 1541 1149 1658 1208; x_wconf 79' lang='lat' dir='ltr'>exbiberi</span> <span class='ocrx_word' id='word_1_508' title='bbox 1673 1169 1721 1224; x_wconf 84' lang='lat' dir='ltr'>pe·</span> 
     </span>
     <span class='ocr_line' id='line_1_71' title="bbox 933 1223 1721 1314; baseline 0.036 -38"><span class='ocrx_word' id='word_1_509' title='bbox 933 1223 1047 1280; x_wconf 89' lang='lat' dir='ltr'>tirerunt</span> <span class='ocrx_word' id='word_1_510' title='bbox 1060 1243 1066 1278; x_wconf 92' lang='lat'>:</span> <span class='ocrx_word' id='word_1_511' title='bbox 1080 1229 1213 1297; x_wconf 90' lang='lat' dir='ltr'>quamodo</span> <span class='ocrx_word' id='word_1_512' title='bbox 1224 1246 1287 1302; x_wconf 78' lang='lat' dir='ltr'>crgo</span> <span class='ocrx_word' id='word_1_513' title='bbox 1299 1232 1424 1303; x_wconf 73' lang='lat' dir='ltr'>alrjlcitnr</span> <span class='ocrx_word' id='word_1_514' title='bbox 1437 1239 1568 1308; x_wconf 86' lang='lat' dir='ltr'>scenicus,</span> <span class='ocrx_word' id='word_1_515' title='bbox 1581 1257 1629 1312; x_wconf 92' lang='lat' dir='ltr'>per</span> <span class='ocrx_word' id='word_1_516' title='bbox 1641 1261 1721 1314; x_wconf 87' lang='lat' dir='ltr'>quent</span> 
     </span>
     <span class='ocr_line' id='line_1_72' title="bbox 931 1316 1720 1410; baseline 0.03 -41"><span class='ocrx_word' id='word_1_517' title='bbox 931 1316 1025 1372; x_wconf 63' lang='lat' dir='ltr'>celitur</span> <span class='ocrx_word' id='word_1_518' title='bbox 1035 1318 1123 1377; x_wconf 85' lang='lat' dir='ltr'>brusi</span> <span class='ocrx_word' id='word_1_519' title='bbox 1133 1329 1160 1377; x_wconf 91' lang='lat' dir='ltr'>et</span> <span class='ocrx_word' id='word_1_520' title='bbox 1171 1320 1305 1379; x_wconf 73' lang='lat' dir='ltr'>theatrice</span> <span class='ocrx_word' id='word_1_521' title='bbox 1315 1325 1384 1398; x_wconf 83' lang='lat' dir='ltr'>iliius</span> <span class='ocrx_word' id='word_1_522' title='bbox 1396 1329 1623 1410; x_wconf 84' lang='lat' dir='ltr'>turpitudinisque</span> <span class='ocrx_word' id='word_1_523' title='bbox 1634 1334 1720 1394; x_wconf 90' lang='lat' dir='ltr'>lronte</span> 
     </span>
     <span class='ocr_line' id='line_1_73' title="bbox 931 1410 1720 1482; baseline 0.028 -21"><span class='ocrx_word' id='word_1_524' title='bbox 931 1417 1038 1467; x_wconf 82' lang='lat' dir='ltr'>notuur</span> <span class='ocrx_word' id='word_1_525' title='bbox 1050 1420 1134 1480; x_wconf 90' lang='lat' dir='ltr'>actor,</span> <span class='ocrx_word' id='word_1_526' title='bbox 1149 1411 1171 1466; x_wconf 91' lang='lat' dir='ltr'>si</span> <span class='ocrx_word' id='word_1_527' title='bbox 1184 1410 1309 1476; x_wconf 89' lang='lat' dir='ltr'>adoratur</span> <span class='ocrx_word' id='word_1_528' title='bbox 1319 1419 1445 1474; x_wconf 85' lang='lat' dir='ltr'>exactori</span> <span class='ocrx_word' id='word_1_529' title='bbox 1459 1420 1487 1475; x_wconf 92' lang='lat' dir='ltr'>ln</span> <span class='ocrx_word' id='word_1_530' title='bbox 1502 1419 1552 1477; x_wconf 89' lang='lat' dir='ltr'>lrac</span> <span class='ocrx_word' id='word_1_531' title='bbox 1563 1435 1720 1482; x_wconf 82' lang='lat' dir='ltr'>controuer-</span> 
     </span>
     <span class='ocr_line' id='line_1_74' title="bbox 930 1501 1719 1585; baseline 0.027 -30"><span class='ocrx_word' id='word_1_532' title='bbox 930 1501 968 1555; x_wconf 87' lang='lat' dir='ltr'>sia</span> <span class='ocrx_word' id='word_1_533' title='bbox 981 1503 1067 1569; x_wconf 76' lang='lat' dir='ltr'>Greci</span> <span class='ocrx_word' id='word_1_534' title='bbox 1081 1504 1247 1578; x_wconf 81' lang='lat' dir='ltr'>Romanique</span> <span class='ocrx_word' id='word_1_535' title='bbox 1259 1520 1424 1566; x_wconf 86' lang='lat' dir='ltr'>concertant.</span> <span class='ocrx_word' id='word_1_536' title='bbox 1439 1512 1524 1570; x_wconf 77' lang='lat' dir='ltr'>Gracci</span> <span class='ocrx_word' id='word_1_537' title='bbox 1541 1525 1633 1585; x_wconf 77' lang='lat' dir='ltr'>pmtant</span> <span class='ocrx_word' id='word_1_538' title='bbox 1647 1530 1719 1577; x_wconf 86' lang='lat' dir='ltr'>recto</span> 
     </span>
     <span class='ocr_line' id='line_1_75' title="bbox 930 1591 1718 1673; baseline 0.027 -28"><span class='ocrx_word' id='word_1_539' title='bbox 930 1607 959 1647; x_wconf 90' lang='lat' dir='ltr'>se</span> <span class='ocrx_word' id='word_1_540' title='bbox 973 1591 1104 1651; x_wconf 86' lang='lat' dir='ltr'>borrorare</span> <span class='ocrx_word' id='word_1_541' title='bbox 1124 1596 1245 1653; x_wconf 87' lang='lat' dir='ltr'>homiues</span> <span class='ocrx_word' id='word_1_542' title='bbox 1261 1601 1397 1669; x_wconf 89' lang='lat' dir='ltr'>scenicos,</span> <span class='ocrx_word' id='word_1_543' title='bbox 1413 1603 1472 1673; x_wconf 89' lang='lat' dir='ltr'>quia</span> <span class='ocrx_word' id='word_1_544' title='bbox 1492 1605 1584 1661; x_wconf 90' lang='lat' dir='ltr'>colunt</span> <span class='ocrx_word' id='word_1_545' title='bbox 1597 1608 1718 1666; x_wconf 89' lang='lat' dir='ltr'>ludnnuu</span> 
     </span>
     <span class='ocr_line' id='line_1_76' title="bbox 929 1684 1719 1761; baseline 0.024 -25"><span class='ocrx_word' id='word_1_546' title='bbox 929 1684 1095 1739; x_wconf 83' lang='lat' dir='ltr'>scotticorum</span> <span class='ocrx_word' id='word_1_547' title='bbox 1111 1685 1273 1760; x_wconf 76' lang='lat' dir='ltr'>flagitatores</span> <span class='ocrx_word' id='word_1_548' title='bbox 1289 1690 1354 1746; x_wconf 84' lang='lat' dir='ltr'>deos</span> <span class='ocrx_word' id='word_1_549' title='bbox 1369 1710 1376 1745; x_wconf 77' lang='lat' dir='ltr'><strong><em>z</em></strong></span> <span class='ocrx_word' id='word_1_550' title='bbox 1393 1693 1505 1761; x_wconf 76' lang='lat' dir='ltr'>ilpmnni</span> <span class='ocrx_word' id='word_1_551' title='bbox 1519 1712 1583 1751; x_wconf 82' lang='lat' dir='ltr'>vero</span> <span class='ocrx_word' id='word_1_552' title='bbox 1603 1698 1719 1755; x_wconf 87' lang='lat' dir='ltr'>lrornitti·</span> 
     </span>
     <span class='ocr_line' id='line_1_77' title="bbox 929 1773 1718 1857; baseline 0.028 -31"><span class='ocrx_word' id='word_1_553' title='bbox 929 1773 977 1827; x_wconf 88' lang='lat' dir='ltr'>irus</span> <span class='ocrx_word' id='word_1_554' title='bbox 992 1775 1104 1830; x_wconf 82' lang='lat' dir='ltr'>scenicis</span> <span class='ocrx_word' id='word_1_555' title='bbox 1118 1792 1167 1833; x_wconf 89' lang='lat' dir='ltr'>nec</span> <span class='ocrx_word' id='word_1_556' title='bbox 1186 1779 1316 1853; x_wconf 80' lang='lat' dir='ltr'>plebeiam</span> <span class='ocrx_word' id='word_1_557' title='bbox 1332 1782 1447 1852; x_wconf 81' lang='lat' dir='ltr'>tribum,</span> <span class='ocrx_word' id='word_1_558' title='bbox 1463 1796 1561 1857; x_wconf 91' lang='lat' dir='ltr'>quanto</span> <span class='ocrx_word' id='word_1_559' title='bbox 1574 1789 1661 1845; x_wconf 92' lang='lat' dir='ltr'>minus</span> <span class='ocrx_word' id='word_1_560' title='bbox 1673 1806 1718 1847; x_wconf 91' lang='lat' dir='ltr'>se·</span> 
     </span>
     <span class='ocr_line' id='line_1_78' title="bbox 928 1868 1720 1951; baseline 0.025 -33"><span class='ocrx_word' id='word_1_561' title='bbox 928 1868 1057 1939; x_wconf 78' lang='lat' dir='ltr'>aratoriam</span> <span class='ocrx_word' id='word_1_562' title='bbox 1069 1870 1170 1924; x_wconf 88' lang='lat' dir='ltr'>curiam</span> <span class='ocrx_word' id='word_1_563' title='bbox 1185 1870 1351 1949; x_wconf 76' lang='lat' dir='ltr'>dehonestari</span> <span class='ocrx_word' id='word_1_564' title='bbox 1367 1875 1475 1932; x_wconf 80' lang='lat' dir='ltr'>sitiunt?</span> <span class='ocrx_word' id='word_1_565' title='bbox 1487 1877 1513 1932; x_wconf 93' lang='lat' dir='ltr'>ln</span> <span class='ocrx_word' id='word_1_566' title='bbox 1526 1878 1575 1936; x_wconf 86' lang='lat' dir='ltr'>hac</span> <span class='ocrx_word' id='word_1_567' title='bbox 1587 1880 1720 1951; x_wconf 87' lang='lat' dir='ltr'>discepta-</span> 
     </span>
     <span class='ocr_line' id='line_1_79' title="bbox 928 1956 1716 2040; baseline 0.027 -31"><span class='ocrx_word' id='word_1_568' title='bbox 928 1956 999 2012; x_wconf 87' lang='lat' dir='ltr'>tione</span> <span class='ocrx_word' id='word_1_569' title='bbox 1023 1959 1203 2031; x_wconf 84' lang='lat' dir='ltr'>lmjuscemodi</span> <span class='ocrx_word' id='word_1_570' title='bbox 1226 1963 1390 2038; x_wconf 76' lang='lat' dir='ltr'>ratiocinatio</span> <span class='ocrx_word' id='word_1_571' title='bbox 1410 1982 1541 2036; x_wconf 83' lang='lat' dir='ltr'>suminam</span> <span class='ocrx_word' id='word_1_572' title='bbox 1564 1974 1716 2040; x_wconf 75' lang='lat' dir='ltr'>qrrrustlnuio</span> 
     </span>
     <span class='ocr_line' id='line_1_80' title="bbox 927 2049 1716 2130; baseline 0.018 -27"><span class='ocrx_word' id='word_1_573' title='bbox 927 2049 1050 2105; x_wconf 79' lang='lat' dir='ltr'>absoluit.</span> <span class='ocrx_word' id='word_1_574' title='bbox 1065 2051 1219 2123; x_wconf 85' lang='lat' dir='ltr'>Proponunt</span> <span class='ocrx_word' id='word_1_575' title='bbox 1233 2053 1317 2124; x_wconf 73' lang='lat' dir='ltr'>Graeci</span> <span class='ocrx_word' id='word_1_576' title='bbox 1332 2074 1340 2110; x_wconf 79' lang='lat' dir='ltr'>r</span> <span class='ocrx_word' id='word_1_577' title='bbox 1355 2056 1383 2127; x_wconf 86' lang='lat' dir='ltr'>Si</span> <span class='ocrx_word' id='word_1_578' title='bbox 1396 2057 1432 2112; x_wconf 92' lang='lat' dir='ltr'>dii</span> <span class='ocrx_word' id='word_1_579' title='bbox 1448 2059 1513 2113; x_wconf 90' lang='lat' dir='ltr'>tales</span> <span class='ocrx_word' id='word_1_580' title='bbox 1523 2060 1628 2116; x_wconf 83' lang='lat' dir='ltr'>colendi</span> <span class='ocrx_word' id='word_1_581' title='bbox 1644 2075 1716 2130; x_wconf 88' lang='lat' dir='ltr'>srrnt,</span> 
     </span>
     <span class='ocr_line' id='line_1_81' title="bbox 928 2141 1716 2227; baseline 0.023 -33"><span class='ocrx_word' id='word_1_582' title='bbox 928 2141 1045 2208; x_wconf 85' lang='lat' dir='ltr'>proiecto</span> <span class='ocrx_word' id='word_1_583' title='bbox 1067 2143 1146 2198; x_wconf 90' lang='lat' dir='ltr'>etiam</span> <span class='ocrx_word' id='word_1_584' title='bbox 1167 2146 1232 2202; x_wconf 87' lang='lat' dir='ltr'>tales</span> <span class='ocrx_word' id='word_1_585' title='bbox 1252 2145 1373 2227; x_wconf 88' lang='lat' dir='ltr'>lrnmines</span> <span class='ocrx_word' id='word_1_586' title='bbox 1395 2149 1549 2207; x_wconf 84' lang='lat' dir='ltr'>lionoramli.</span> <span class='ocrx_word' id='word_1_587' title='bbox 1572 2154 1716 2211; x_wconf 84' lang='lat' dir='ltr'>llssurnnnl</span> 
     </span>
    </p>

    <p class='ocr_par' dir='ltr' id='par_1_12' title="bbox 926 2231 1717 2307">
     <span class='ocr_line' id='line_1_82' title="bbox 926 2231 1717 2307; baseline 0.025 -23"><span class='ocrx_word' id='word_1_588' title='bbox 926 2231 1038 2307; x_wconf 66' lang='lat' dir='ltr'>Ronlaui</span> <span class='ocrx_word' id='word_1_589' title='bbox 1055 2252 1062 2287; x_wconf 77' lang='grc' dir='ltr'><em>τ</em></span> <span class='ocrx_word' id='word_1_590' title='bbox 1078 2234 1130 2290; x_wconf 86' lang='lat' dir='ltr'>Sed</span> <span class='ocrx_word' id='word_1_591' title='bbox 1150 2239 1221 2303; x_wconf 81' lang='lat' dir='ltr'>utilio</span> <span class='ocrx_word' id='word_1_592' title='bbox 1242 2239 1321 2295; x_wconf 87' lang='lat' dir='ltr'>trtodo</span> <span class='ocrx_word' id='word_1_593' title='bbox 1341 2240 1407 2296; x_wconf 87' lang='lat' dir='ltr'>tales</span> <span class='ocrx_word' id='word_1_594' title='bbox 1427 2240 1548 2299; x_wconf 88' lang='lat' dir='ltr'>homiues</span> <span class='ocrx_word' id='word_1_595' title='bbox 1569 2244 1717 2303; x_wconf 85' lang='lat' dir='ltr'>honorandi</span> 
     </span>
    </p>

    <p class='ocr_par' dir='ltr' id='par_1_13' title="bbox 925 2325 1716 2409">
     <span class='ocr_line' id='line_1_83' title="bbox 925 2325 1716 2409; baseline 0.019 -32"><span class='ocrx_word' id='word_1_596' title='bbox 925 2333 996 2378; x_wconf 86' lang='lat' dir='ltr'>strui.</span> <span class='ocrx_word' id='word_1_597' title='bbox 1016 2325 1183 2383; x_wconf 89' lang='lat' dir='ltr'>Concludunt</span> <span class='ocrx_word' id='word_1_598' title='bbox 1204 2330 1347 2398; x_wconf 80' lang='lat' dir='ltr'>Cirristiaui</span> <span class='ocrx_word' id='word_1_599' title='bbox 1363 2349 1370 2386; x_wconf 92' lang='lat'><strong>:</strong></span> <span class='ocrx_word' id='word_1_600' title='bbox 1386 2331 1465 2390; x_wconf 89' lang='lat' dir='ltr'>Nullo</span> <span class='ocrx_word' id='word_1_601' title='bbox 1483 2335 1563 2390; x_wconf 90' lang='lat' dir='ltr'>modo</span> <span class='ocrx_word' id='word_1_602' title='bbox 1581 2335 1662 2409; x_wconf 76' lang='lat' dir='ltr'>igitur</span> <span class='ocrx_word' id='word_1_603' title='bbox 1679 2337 1716 2393; x_wconf 89' lang='lat' dir='ltr'>dii</span> 
     </span>
    </p>

    <p class='ocr_par' dir='ltr' id='par_1_14' title="bbox 926 2415 1193 2483">
     <span class='ocr_line' id='line_1_84' title="bbox 926 2415 1193 2483; baseline 0.022 -16"><span class='ocrx_word' id='word_1_604' title='bbox 926 2415 992 2469; x_wconf 82' lang='lat' dir='ltr'>bries</span> <span class='ocrx_word' id='word_1_605' title='bbox 1004 2416 1106 2480; x_wconf 84' lang='lat' dir='ltr'>colendi</span> <span class='ocrx_word' id='word_1_606' title='bbox 1122 2429 1193 2483; x_wconf 72' lang='lat' dir='ltr'>suut.</span> 
     </span>
    </p>

    <p class='ocr_par' dir='ltr' id='par_1_15' title="bbox 925 2504 1716 2764">
     <span class='ocr_line' id='line_1_85' title="bbox 925 2504 1716 2587; baseline 0.018 -29"><span class='ocrx_word' id='word_1_607' title='bbox 925 2504 1036 2575; x_wconf 72' lang='lat' dir='ltr'><strong>CAPUT</strong></span> <span class='ocrx_word' id='word_1_608' title='bbox 1052 2505 1121 2577; x_wconf 61' lang='lat' dir='ltr'>bll&#39;.</span> <span class='ocrx_word' id='word_1_609' title='bbox 1137 2538 1171 2548; x_wconf 89' lang='lat'>-·</span> <span class='ocrx_word' id='word_1_610' title='bbox 1187 2508 1319 2579; x_wconf 77' lang='lat' dir='ltr'>Meliorem</span> <span class='ocrx_word' id='word_1_611' title='bbox 1332 2513 1410 2586; x_wconf 74' lang='lat' dir='ltr'>{uisse</span> <span class='ocrx_word' id='word_1_612' title='bbox 1423 2511 1568 2583; x_wconf 82' lang='lat' dir='ltr'>Platonem,</span> <span class='ocrx_word' id='word_1_613' title='bbox 1582 2516 1624 2583; x_wconf 87' lang='lat' dir='ltr'>qui</span> <span class='ocrx_word' id='word_1_614' title='bbox 1637 2517 1716 2587; x_wconf 78' lang='lat' dir='ltr'>poetic</span> 
     </span>
     <span class='ocr_line' id='line_1_86' title="bbox 960 2594 1715 2678; baseline 0.02 -29"><span class='ocrx_word' id='word_1_615' title='bbox 960 2596 1042 2650; x_wconf 86' lang='lat' dir='ltr'>locum</span> <span class='ocrx_word' id='word_1_616' title='bbox 1063 2599 1089 2651; x_wconf 88' lang='lat' dir='ltr'>ia</span> <span class='ocrx_word' id='word_1_617' title='bbox 1109 2599 1170 2654; x_wconf 85' lang='lat' dir='ltr'>bene</span> <span class='ocrx_word' id='word_1_618' title='bbox 1187 2611 1286 2656; x_wconf 76' lang='lat' dir='ltr'>auocata</span> <span class='ocrx_word' id='word_1_619' title='bbox 1303 2594 1365 2658; x_wconf 82' lang='lat' dir='ltr'>urire</span> <span class='ocrx_word' id='word_1_620' title='bbox 1380 2621 1432 2659; x_wconf 85' lang='lat' dir='ltr'>uon</span> <span class='ocrx_word' id='word_1_621' title='bbox 1450 2605 1561 2673; x_wconf 77' lang='lat' dir='ltr'>dederit,</span> <span class='ocrx_word' id='word_1_622' title='bbox 1575 2624 1652 2678; x_wconf 87' lang='lat' dir='ltr'>quam</span> <span class='ocrx_word' id='word_1_623' title='bbox 1669 2608 1715 2664; x_wconf 87' lang='lat' dir='ltr'>iret</span> 
     </span>
     <span class='ocr_line' id='line_1_87' title="bbox 959 2688 1597 2764; baseline 0.014 -22"><span class='ocrx_word' id='word_1_624' title='bbox 959 2688 1029 2763; x_wconf 75' lang='lat' dir='ltr'>deor,</span> <span class='ocrx_word' id='word_1_625' title='bbox 1043 2690 1086 2762; x_wconf 90' lang='lat' dir='ltr'>qui</span> <span class='ocrx_word' id='word_1_626' title='bbox 1097 2707 1123 2762; x_wconf 79' lang='lat' dir='ltr'>ac</span> <span class='ocrx_word' id='word_1_627' title='bbox 1134 2692 1202 2746; x_wconf 85' lang='lat' dir='ltr'>ludis</span> <span class='ocrx_word' id='word_1_628' title='bbox 1214 2693 1319 2764; x_wconf 72' lang='lat' dir='ltr'>scenicis</span> <span class='ocrx_word' id='word_1_629' title='bbox 1332 2695 1454 2751; x_wconf 86' lang='lat' dir='ltr'>coluerint</span> <span class='ocrx_word' id='word_1_630' title='bbox 1468 2699 1597 2753; x_wconf 79' lang='lat' dir='ltr'>immorari.</span> 
     </span>
    </p>

    <p class='ocr_par' dir='ltr' id='par_1_16' title="bbox 915 2779 1714 4968">
     <span class='ocr_line' id='line_1_88' title="bbox 961 2779 1714 2854; baseline 0.017 -20"><span class='ocrx_word' id='word_1_631' title='bbox 961 2780 986 2834; x_wconf 92' lang='lat' dir='ltr'>l.</span> <span class='ocrx_word' id='word_1_632' title='bbox 1004 2779 1104 2843; x_wconf 87' lang='lat' dir='ltr'>Deinde</span> <span class='ocrx_word' id='word_1_633' title='bbox 1116 2781 1269 2852; x_wconf 78' lang='lat' dir='ltr'>quaerimus,</span> <span class='ocrx_word' id='word_1_634' title='bbox 1285 2784 1333 2854; x_wconf 90' lang='lat' dir='ltr'>ipsi</span> <span class='ocrx_word' id='word_1_635' title='bbox 1348 2795 1443 2854; x_wconf 73' lang='lat' dir='ltr'>pinetae,</span> <span class='ocrx_word' id='word_1_636' title='bbox 1460 2787 1549 2842; x_wconf 89' lang='lat' dir='ltr'>talium</span> <span class='ocrx_word' id='word_1_637' title='bbox 1566 2788 1714 2847; x_wconf 79' lang='lat' dir='ltr'>attritorum</span> 
     </span>
     <span class='ocr_line' id='line_1_89' title="bbox 923 2873 1714 2951; baseline 0.014 -27"><span class='ocrx_word' id='word_1_638' title='bbox 923 2873 1131 2942; x_wconf 86' lang='lat' dir='ltr'>compositores,</span> <span class='ocrx_word' id='word_1_639' title='bbox 1145 2875 1189 2947; x_wconf 91' lang='lat' dir='ltr'>qui</span> <span class='ocrx_word' id='word_1_640' title='bbox 1208 2875 1347 2932; x_wconf 89' lang='lat' dir='ltr'>duodecim</span> <span class='ocrx_word' id='word_1_641' title='bbox 1369 2876 1528 2933; x_wconf 86' lang='lat' dir='ltr'>Tabularum</span> <span class='ocrx_word' id='word_1_642' title='bbox 1547 2881 1604 2949; x_wconf 77' lang='lat' dir='ltr'>lege</span> <span class='ocrx_word' id='word_1_643' title='bbox 1623 2881 1714 2951; x_wconf 80' lang='lat' dir='ltr'>prulli-</span> 
     </span>
     <span class='ocr_line' id='line_1_90' title="bbox 923 2962 1714 3038; baseline 0.013 -23"><span class='ocrx_word' id='word_1_644' title='bbox 923 2962 1018 3026; x_wconf 88' lang='lat' dir='ltr'>bcutur</span> <span class='ocrx_word' id='word_1_645' title='bbox 1034 2962 1131 3018; x_wconf 86' lang='lat' dir='ltr'>lamam</span> <span class='ocrx_word' id='word_1_646' title='bbox 1152 2964 1250 3022; x_wconf 75' lang='lat' dir='ltr'>ludere</span> <span class='ocrx_word' id='word_1_647' title='bbox 1266 2966 1363 3030; x_wconf 81' lang='lat' dir='ltr'>citrium</span> <span class='ocrx_word' id='word_1_648' title='bbox 1375 3008 1383 3031; x_wconf 83' lang='lat'>,</span> <span class='ocrx_word' id='word_1_649' title='bbox 1397 2977 1449 3022; x_wconf 90' lang='lat' dir='ltr'>tam</span> <span class='ocrx_word' id='word_1_650' title='bbox 1465 2965 1592 3038; x_wconf 84' lang='lat' dir='ltr'>probrosa</span> <span class='ocrx_word' id='word_1_651' title='bbox 1608 2971 1633 3024; x_wconf 91' lang='lat' dir='ltr'>in</span> <span class='ocrx_word' id='word_1_652' title='bbox 1649 2971 1714 3033; x_wconf 87' lang='lat' dir='ltr'>deos</span> 
     </span>
     <span class='ocr_line' id='line_1_91' title="bbox 922 3053 1713 3129; baseline 0.015 -26"><span class='ocrx_word' id='word_1_653' title='bbox 922 3054 1041 3112; x_wconf 81' lang='lat' dir='ltr'>convicta</span> <span class='ocrx_word' id='word_1_654' title='bbox 1061 3053 1223 3129; x_wconf 78' lang='lat' dir='ltr'>jaculantes,</span> <span class='ocrx_word' id='word_1_655' title='bbox 1247 3071 1294 3111; x_wconf 90' lang='lat' dir='ltr'>cur</span> <span class='ocrx_word' id='word_1_656' title='bbox 1316 3073 1368 3111; x_wconf 92' lang='lat' dir='ltr'>nou</span> <span class='ocrx_word' id='word_1_657' title='bbox 1393 3065 1421 3112; x_wconf 90' lang='lat' dir='ltr'>ut</span> <span class='ocrx_word' id='word_1_658' title='bbox 1444 3058 1541 3113; x_wconf 81' lang='lat' dir='ltr'>scenici</span> <span class='ocrx_word' id='word_1_659' title='bbox 1569 3059 1713 3115; x_wconf 73' lang='lat' dir='ltr'>balneantur</span> 
     </span>
     <span class='ocr_line' id='line_1_92' title="bbox 923 3143 1712 3224; baseline 0.011 -27"><span class='ocrx_word' id='word_1_660' title='bbox 923 3143 1064 3199; x_wconf 86' lang='lat' dir='ltr'>inhonesti.</span> <span class='ocrx_word' id='word_1_661' title='bbox 1078 3146 1135 3212; x_wconf 85' lang='lat' dir='ltr'>Qua</span> <span class='ocrx_word' id='word_1_662' title='bbox 1149 3145 1252 3202; x_wconf 87' lang='lat' dir='ltr'>ratione</span> <span class='ocrx_word' id='word_1_663' title='bbox 1265 3155 1367 3203; x_wconf 86' lang='lat' dir='ltr'>recttrm</span> <span class='ocrx_word' id='word_1_664' title='bbox 1380 3159 1430 3214; x_wconf 91' lang='lat' dir='ltr'>cst,</span> <span class='ocrx_word' id='word_1_665' title='bbox 1447 3159 1475 3202; x_wconf 92' lang='grc' dir='ltr'>ιιι</span> <span class='ocrx_word' id='word_1_666' title='bbox 1485 3151 1647 3219; x_wconf 86' lang='lat' dir='ltr'>poeticarum</span> <span class='ocrx_word' id='word_1_667' title='bbox 1664 3154 1712 3224; x_wconf 79' lang='lat' dir='ltr'>ilg-</span> 
     </span>
     <span class='ocr_line' id='line_1_93' title="bbox 921 3237 1713 3309; baseline 0.015 -22"><span class='ocrx_word' id='word_1_668' title='bbox 921 3246 1071 3289; x_wconf 86' lang='lat' dir='ltr'>mentornru</span> <span class='ocrx_word' id='word_1_669' title='bbox 1099 3244 1127 3292; x_wconf 86' lang='lat' dir='ltr'>et</span> <span class='ocrx_word' id='word_1_670' title='bbox 1152 3237 1387 3309; x_wconf 77' lang='lat' dir='ltr'>ignominiosorum</span> <span class='ocrx_word' id='word_1_671' title='bbox 1415 3240 1525 3294; x_wconf 89' lang='lat' dir='ltr'>deorum</span> <span class='ocrx_word' id='word_1_672' title='bbox 1555 3242 1713 3299; x_wconf 78' lang='lat' dir='ltr'>infamentur</span> 
     </span>
     <span class='ocr_line' id='line_1_94' title="bbox 921 3328 1711 3393; baseline 0.011 -12"><span class='ocrx_word' id='word_1_673' title='bbox 921 3339 1034 3393; x_wconf 86' lang='lat' dir='ltr'>acturas,</span> <span class='ocrx_word' id='word_1_674' title='bbox 1049 3328 1212 3387; x_wconf 85' lang='lat' dir='ltr'>lionorontur</span> <span class='ocrx_word' id='word_1_675' title='bbox 1224 3332 1365 3386; x_wconf 87' lang='lat' dir='ltr'>auctores?</span> <span class='ocrx_word' id='word_1_676' title='bbox 1377 3349 1410 3386; x_wconf 85' lang='lat' dir='ltr'>au</span> <span class='ocrx_word' id='word_1_677' title='bbox 1426 3330 1492 3387; x_wconf 87' lang='lat' dir='ltr'>loric</span> <span class='ocrx_word' id='word_1_678' title='bbox 1504 3332 1596 3388; x_wconf 68' lang='lat' dir='ltr'>Gracco</span> <span class='ocrx_word' id='word_1_679' title='bbox 1609 3334 1711 3390; x_wconf 88' lang='lat' dir='ltr'>Platoni</span> 
     </span>
     <span class='ocr_line' id='line_1_95' title="bbox 921 3405 1710 3495; baseline 0.016 -24"><span class='ocrx_word' id='word_1_680' title='bbox 921 3423 1008 3491; x_wconf 86' lang='lat' dir='ltr'>potins</span> <span class='ocrx_word' id='word_1_681' title='bbox 1028 3422 1112 3492; x_wconf 86' lang='lat' dir='ltr'>palma</span> <span class='ocrx_word' id='word_1_682' title='bbox 1132 3423 1217 3478; x_wconf 89' lang='lat' dir='ltr'>danda</span> <span class='ocrx_word' id='word_1_683' title='bbox 1232 3433 1289 3492; x_wconf 88' lang='lat' dir='ltr'>est,</span> <span class='ocrx_word' id='word_1_684' title='bbox 1303 3425 1346 3495; x_wconf 89' lang='lat' dir='ltr'>qui</span> <span class='ocrx_word' id='word_1_685' title='bbox 1367 3405 1426 3480; x_wconf 82' lang='lat' dir='ltr'>cirta</span> <span class='ocrx_word' id='word_1_686' title='bbox 1446 3425 1547 3482; x_wconf 89' lang='lat' dir='ltr'>ratione</span> <span class='ocrx_word' id='word_1_687' title='bbox 1568 3427 1710 3493; x_wconf 76' lang='lat' dir='ltr'>formaret,</span> 
     </span>
     <span class='ocr_line' id='line_1_96' title="bbox 920 3514 1710 3587; baseline 0.014 -22"><span class='ocrx_word' id='word_1_688' title='bbox 920 3514 1004 3585; x_wconf 86' lang='lat' dir='ltr'>qualis</span> <span class='ocrx_word' id='word_1_689' title='bbox 1021 3529 1080 3570; x_wconf 89' lang='lat' dir='ltr'>usse</span> <span class='ocrx_word' id='word_1_690' title='bbox 1098 3516 1190 3571; x_wconf 83' lang='lat' dir='ltr'>civitas</span> <span class='ocrx_word' id='word_1_691' title='bbox 1204 3515 1315 3583; x_wconf 89' lang='lat' dir='ltr'>debeat,</span> <span class='ocrx_word' id='word_1_692' title='bbox 1339 3527 1461 3587; x_wconf 84' lang='lat' dir='ltr'>tarrquam</span> <span class='ocrx_word' id='word_1_693' title='bbox 1481 3518 1647 3574; x_wconf 74' lang='lat' dir='ltr'>adversarios</span> <span class='ocrx_word' id='word_1_694' title='bbox 1664 3536 1710 3577; x_wconf 89' lang='lat' dir='ltr'>ve-</span> 
     </span>
     <span class='ocr_line' id='line_1_97' title="bbox 921 3598 1710 3678; baseline 0.01 -19"><span class='ocrx_word' id='word_1_695' title='bbox 921 3606 1004 3660; x_wconf 85' lang='lat' dir='ltr'>ritatis</span> <span class='ocrx_word' id='word_1_696' title='bbox 1015 3608 1033 3670; x_wconf 85' lang='lat'>¹,</span> <span class='ocrx_word' id='word_1_697' title='bbox 1053 3615 1145 3677; x_wconf 86' lang='lat' dir='ltr'>poetas</span> <span class='ocrx_word' id='word_1_698' title='bbox 1159 3607 1262 3663; x_wconf 83' lang='lat' dir='ltr'>constrit</span> <span class='ocrx_word' id='word_1_699' title='bbox 1280 3608 1344 3662; x_wconf 89' lang='lat' dir='ltr'>urbe</span> <span class='ocrx_word' id='word_1_700' title='bbox 1366 3608 1520 3678; x_wconf 85' lang='lat' dir='ltr'>pellendos?</span> <span class='ocrx_word' id='word_1_701' title='bbox 1537 3610 1588 3664; x_wconf 88' lang='lat' dir='ltr'>iste</span> <span class='ocrx_word' id='word_1_702' title='bbox 1604 3598 1668 3665; x_wconf 85' lang='lat' dir='ltr'>raro</span> <span class='ocrx_word' id='word_1_703' title='bbox 1683 3619 1710 3667; x_wconf 90' lang='lat' dir='ltr'>et</span> 
     </span>
     <span class='ocr_line' id='line_1_98' title="bbox 919 3698 1710 3773; baseline 0.006 -20"><span class='ocrx_word' id='word_1_704' title='bbox 919 3698 1029 3756; x_wconf 87' lang='lat' dir='ltr'>deonrm</span> <span class='ocrx_word' id='word_1_705' title='bbox 1044 3699 1153 3768; x_wconf 76' lang='lat' dir='ltr'>iniurias</span> <span class='ocrx_word' id='word_1_706' title='bbox 1170 3699 1275 3769; x_wconf 82' lang='lat' dir='ltr'>indique</span> <span class='ocrx_word' id='word_1_707' title='bbox 1291 3700 1365 3766; x_wconf 90' lang='lat' dir='ltr'>tulit,</span> <span class='ocrx_word' id='word_1_708' title='bbox 1381 3710 1408 3756; x_wconf 92' lang='lat' dir='ltr'>et</span> <span class='ocrx_word' id='word_1_709' title='bbox 1423 3700 1503 3755; x_wconf 91' lang='lat' dir='ltr'>lucari</span> <span class='ocrx_word' id='word_1_710' title='bbox 1523 3702 1710 3773; x_wconf 89' lang='lat' dir='ltr'>corrumpique</span> 
     </span>
     <span class='ocr_line' id='line_1_99' title="bbox 921 3791 1709 3862; baseline 0.004 -18"><span class='ocrx_word' id='word_1_711' title='bbox 921 3792 1052 3862; x_wconf 78' lang='lat' dir='ltr'>igrrrerrtis</span> <span class='ocrx_word' id='word_1_712' title='bbox 1064 3792 1167 3846; x_wconf 83' lang='lat' dir='ltr'>anicios</span> <span class='ocrx_word' id='word_1_713' title='bbox 1179 3791 1275 3847; x_wconf 83' lang='lat' dir='ltr'>sirium</span> <span class='ocrx_word' id='word_1_714' title='bbox 1290 3793 1383 3846; x_wconf 88' lang='lat' dir='ltr'>noluit.</span> <span class='ocrx_word' id='word_1_715' title='bbox 1397 3791 1496 3847; x_wconf 81' lang='lat' dir='ltr'>Conler</span> <span class='ocrx_word' id='word_1_716' title='bbox 1511 3809 1580 3848; x_wconf 85' lang='lat' dir='ltr'>rrrruc</span> <span class='ocrx_word' id='word_1_717' title='bbox 1594 3794 1709 3849; x_wconf 79' lang='lat' dir='ltr'>Platonis</span> 
     </span>
     <span class='ocr_line' id='line_1_100' title="bbox 920 3880 1709 3953; baseline 0.008 -20"><span class='ocrx_word' id='word_1_718' title='bbox 920 3882 1108 3945; x_wconf 82' lang='lat' dir='ltr'>laumauitatem</span> <span class='ocrx_word' id='word_1_719' title='bbox 1123 3898 1138 3937; x_wconf 91' lang='lat' dir='ltr'>a</span> <span class='ocrx_word' id='word_1_720' title='bbox 1151 3881 1251 3938; x_wconf 84' lang='lat' dir='ltr'>civibus</span> <span class='ocrx_word' id='word_1_721' title='bbox 1267 3880 1430 3952; x_wconf 85' lang='lat' dir='ltr'>decipiendis</span> <span class='ocrx_word' id='word_1_722' title='bbox 1452 3892 1545 3952; x_wconf 79' lang='lat' dir='ltr'>pactam</span> <span class='ocrx_word' id='word_1_723' title='bbox 1564 3883 1629 3938; x_wconf 89' lang='lat' dir='ltr'>urbe</span> <span class='ocrx_word' id='word_1_724' title='bbox 1652 3885 1709 3953; x_wconf 84' lang='lat' dir='ltr'>pcl-</span> 
     </span>
     <span class='ocr_line' id='line_1_101' title="bbox 919 3970 1709 4037; baseline 0.005 -12"><span class='ocrx_word' id='word_1_725' title='bbox 919 3972 1026 4037; x_wconf 90' lang='lat' dir='ltr'>lentem,</span> <span class='ocrx_word' id='word_1_726' title='bbox 1042 3988 1103 4026; x_wconf 91' lang='lat' dir='ltr'>cum</span> <span class='ocrx_word' id='word_1_727' title='bbox 1117 3971 1227 4027; x_wconf 91' lang='lat' dir='ltr'>deorum</span> <span class='ocrx_word' id='word_1_728' title='bbox 1242 3970 1378 4026; x_wconf 90' lang='lat' dir='ltr'>dirinitate</span> <span class='ocrx_word' id='word_1_729' title='bbox 1393 3971 1486 4026; x_wconf 75' lang='lat' dir='ltr'>honori</span> <span class='ocrx_word' id='word_1_730' title='bbox 1500 3988 1549 4026; x_wconf 89' lang='lat' dir='ltr'>sun</span> <span class='ocrx_word' id='word_1_731' title='bbox 1562 3972 1638 4028; x_wconf 85' lang='lat' dir='ltr'>indas</span> <span class='ocrx_word' id='word_1_732' title='bbox 1651 3988 1709 4028; x_wconf 77' lang='lat' dir='ltr'>rcc-</span> 
     </span>
     <span class='ocr_line' id='line_1_102' title="bbox 918 4064 1708 4136; baseline 0.004 -18"><span class='ocrx_word' id='word_1_733' title='bbox 918 4064 992 4120; x_wconf 90' lang='lat' dir='ltr'>nicos</span> <span class='ocrx_word' id='word_1_734' title='bbox 1005 4073 1155 4136; x_wconf 81' lang='lat' dir='ltr'>expetente.</span> <span class='ocrx_word' id='word_1_735' title='bbox 1175 4064 1237 4128; x_wconf 81' lang='lat' dir='ltr'>lile,</span> <span class='ocrx_word' id='word_1_736' title='bbox 1254 4064 1363 4119; x_wconf 85' lang='lat' dir='ltr'>natalia</span> <span class='ocrx_word' id='word_1_737' title='bbox 1385 4064 1427 4118; x_wconf 89' lang='lat' dir='ltr'>rel</span> <span class='ocrx_word' id='word_1_738' title='bbox 1447 4064 1643 4127; x_wconf 65' lang='lat' dir='ltr'>scriberentur,</span> <span class='ocrx_word' id='word_1_739' title='bbox 1658 4066 1708 4121; x_wconf 84' lang='lat' dir='ltr'>etsi</span> 
     </span>
     <span class='ocr_line' id='line_1_103' title="bbox 918 4154 1707 4226; baseline 0.001 -16"><span class='ocrx_word' id='word_1_740' title='bbox 918 4170 970 4214; x_wconf 92' lang='lat' dir='ltr'>uon</span> <span class='ocrx_word' id='word_1_741' title='bbox 985 4156 1115 4225; x_wconf 72' lang='lat' dir='ltr'>persrmit</span> <span class='ocrx_word' id='word_1_742' title='bbox 1127 4154 1301 4226; x_wconf 90' lang='lat' dir='ltr'>disputando,</span> <span class='ocrx_word' id='word_1_743' title='bbox 1318 4163 1405 4210; x_wconf 78' lang='lat' dir='ltr'>umen</span> <span class='ocrx_word' id='word_1_744' title='bbox 1418 4157 1500 4210; x_wconf 79' lang='lat' dir='ltr'>sitttsil</span> <span class='ocrx_word' id='word_1_745' title='bbox 1515 4157 1612 4210; x_wconf 88' lang='lat' dir='ltr'>lcritoti</span> <span class='ocrx_word' id='word_1_746' title='bbox 1628 4156 1707 4211; x_wconf 90' lang='lat' dir='ltr'>lasci·</span> 
     </span>
     <span class='ocr_line' id='line_1_104' title="bbox 918 4230 1708 4319; baseline 0 -16"><span class='ocrx_word' id='word_1_747' title='bbox 918 4251 1017 4319; x_wconf 78' lang='lat' dir='ltr'>viaque</span> <span class='ocrx_word' id='word_1_748' title='bbox 1029 4230 1181 4308; x_wconf 75' lang='lat' dir='ltr'>Graecarum</span> <span class='ocrx_word' id='word_1_749' title='bbox 1198 4267 1204 4301; x_wconf 91' lang='lat'>:</span> <span class='ocrx_word' id='word_1_750' title='bbox 1219 4249 1277 4313; x_wconf 88' lang='lat' dir='ltr'>isti,</span> <span class='ocrx_word' id='word_1_751' title='bbox 1292 4257 1319 4302; x_wconf 91' lang='lat' dir='ltr'>ut</span> <span class='ocrx_word' id='word_1_752' title='bbox 1334 4249 1392 4302; x_wconf 92' lang='lat' dir='ltr'>talia</span> <span class='ocrx_word' id='word_1_753' title='bbox 1408 4249 1487 4303; x_wconf 89' lang='lat' dir='ltr'>etiarn</span> <span class='ocrx_word' id='word_1_754' title='bbox 1501 4257 1652 4318; x_wconf 80' lang='lat' dir='ltr'>agerentur,</span> <span class='ocrx_word' id='word_1_755' title='bbox 1664 4249 1708 4318; x_wconf 83' lang='lat' dir='ltr'>ju·</span> 
     </span>
     <span class='ocr_line' id='line_1_105' title="bbox 918 4342 1703 4414; baseline 0.006 -19"><span class='ocrx_word' id='word_1_756' title='bbox 918 4343 1002 4398; x_wconf 88' lang='lat' dir='ltr'>lteudo</span> <span class='ocrx_word' id='word_1_757' title='bbox 1012 4352 1181 4414; x_wconf 73' lang='lat' dir='ltr'>caramerum</span> <span class='ocrx_word' id='word_1_758' title='bbox 1193 4343 1351 4408; x_wconf 78' lang='lat' dir='ltr'>gravitatiet</span> <span class='ocrx_word' id='word_1_759' title='bbox 1364 4342 1500 4397; x_wconf 84' lang='lat' dir='ltr'>modestia·</span> <span class='ocrx_word' id='word_1_760' title='bbox 1513 4343 1703 4400; x_wconf 82' lang='lat' dir='ltr'>llommnrum.</span> 
     </span>
     <span class='ocr_line' id='line_1_106' title="bbox 915 4433 1703 4518; baseline 0 -29"><span class='ocrx_word' id='word_1_761' title='bbox 915 4435 970 4500; x_wconf 89' lang='lat' dir='ltr'>Nec</span> <span class='ocrx_word' id='word_1_762' title='bbox 984 4436 1106 4489; x_wconf 80' lang='lat' dir='ltr'>tarttum¹</span> <span class='ocrx_word' id='word_1_763' title='bbox 1122 4434 1178 4488; x_wconf 75' lang='lat' dir='ltr'>lrccc</span> <span class='ocrx_word' id='word_1_764' title='bbox 1191 4434 1231 4518; x_wconf 73' lang='lat' dir='ltr'>aqi</span> <span class='ocrx_word' id='word_1_765' title='bbox 1247 4434 1395 4502; x_wconf 86' lang='lat' dir='ltr'>rotuemm,</span> <span class='ocrx_word' id='word_1_766' title='bbox 1411 4434 1457 4490; x_wconf 89' lang='lat' dir='ltr'>scd</span> <span class='ocrx_word' id='word_1_767' title='bbox 1474 4433 1523 4488; x_wconf 90' lang='lat' dir='ltr'>sibl</span> <span class='ocrx_word' id='word_1_768' title='bbox 1538 4434 1637 4501; x_wconf 88' lang='lat' dir='ltr'>dicari,</span> <span class='ocrx_word' id='word_1_769' title='bbox 1651 4434 1703 4489; x_wconf 91' lang='lat' dir='ltr'>sibl</span> 
     </span>
     <span class='ocr_line' id='line_1_107' title="bbox 915 4524 1700 4598; baseline -0.003 -16"><span class='ocrx_word' id='word_1_770' title='bbox 915 4527 1031 4592; x_wconf 84' lang='lat' dir='ltr'>sacrari,</span> <span class='ocrx_word' id='word_1_771' title='bbox 1051 4527 1101 4598; x_wconf 87' lang='lat' dir='ltr'>sibi</span> <span class='ocrx_word' id='word_1_772' title='bbox 1120 4527 1275 4583; x_wconf 90' lang='lat' dir='ltr'>solemniter</span> <span class='ocrx_word' id='word_1_773' title='bbox 1288 4524 1417 4582; x_wconf 84' lang='lat' dir='ltr'>exhiberi.</span> <span class='ocrx_word' id='word_1_774' title='bbox 1432 4525 1479 4581; x_wconf 83' lang='lat' dir='ltr'>Cui</span> <span class='ocrx_word' id='word_1_775' title='bbox 1497 4525 1601 4580; x_wconf 87' lang='lat' dir='ltr'>tnrrdcnt</span> <span class='ocrx_word' id='word_1_776' title='bbox 1618 4524 1700 4580; x_wconf 81' lang='lat' dir='ltr'>launc-</span> 
     </span>
     <span class='ocr_line' id='line_1_108' title="bbox 916 4615 1703 4673; baseline -0.004 0"><span class='ocrx_word' id='word_1_777' title='bbox 916 4620 982 4673; x_wconf 92' lang='lat' dir='ltr'>stius</span> <span class='ocrx_word' id='word_1_778' title='bbox 994 4618 1098 4673; x_wconf 88' lang='lat' dir='ltr'>diriuos</span> <span class='ocrx_word' id='word_1_779' title='bbox 1116 4619 1232 4673; x_wconf 89' lang='lat' dir='ltr'>ltouores</span> <span class='ocrx_word' id='word_1_780' title='bbox 1245 4617 1401 4673; x_wconf 87' lang='lat' dir='ltr'>decerneret</span> <span class='ocrx_word' id='word_1_781' title='bbox 1416 4616 1528 4672; x_wconf 86' lang='lat' dir='ltr'>ciritasi</span> <span class='ocrx_word' id='word_1_782' title='bbox 1541 4625 1628 4671; x_wconf 91' lang='lat' dir='ltr'>utrum</span> <span class='ocrx_word' id='word_1_783' title='bbox 1643 4615 1703 4670; x_wconf 86' lang='lat' dir='ltr'>Pla-</span> 
     </span>
     <span class='ocr_line' id='line_1_109' title="bbox 916 4697 1703 4783; baseline -0.006 -17"><span class='ocrx_word' id='word_1_784' title='bbox 916 4715 968 4766; x_wconf 86' lang='lat' dir='ltr'>tnui</span> <span class='ocrx_word' id='word_1_785' title='bbox 983 4713 1039 4767; x_wconf 82' lang='lat' dir='ltr'>lime</span> <span class='ocrx_word' id='word_1_786' title='bbox 1051 4711 1135 4783; x_wconf 90' lang='lat' dir='ltr'>turpia</span> <span class='ocrx_word' id='word_1_787' title='bbox 1146 4722 1174 4767; x_wconf 91' lang='lat' dir='ltr'>et</span> <span class='ocrx_word' id='word_1_788' title='bbox 1187 4697 1298 4767; x_wconf 82' lang='lat' dir='ltr'>uelrmda</span> <span class='ocrx_word' id='word_1_789' title='bbox 1312 4710 1460 4780; x_wconf 87' lang='lat' dir='ltr'>prohibenti</span> <span class='ocrx_word' id='word_1_790' title='bbox 1471 4726 1478 4774; x_wconf 88' lang='lat'><strong>;</strong></span> <span class='ocrx_word' id='word_1_791' title='bbox 1489 4723 1524 4763; x_wconf 91' lang='lat' dir='ltr'>an</span> <span class='ocrx_word' id='word_1_792' title='bbox 1535 4707 1703 4762; x_wconf 69' lang='lat' dir='ltr'>daemonibus</span> 
     </span>
     <span class='ocr_line' id='line_1_110' title="bbox 916 4797 1701 4872; baseline -0.004 -15"><span class='ocrx_word' id='word_1_793' title='bbox 916 4810 964 4858; x_wconf 81' lang='lat' dir='ltr'>tarn</span> <span class='ocrx_word' id='word_1_794' title='bbox 985 4803 1122 4859; x_wconf 87' lang='lat' dir='ltr'>bantinum</span> <span class='ocrx_word' id='word_1_795' title='bbox 1143 4802 1300 4872; x_wconf 89' lang='lat' dir='ltr'>deceptione</span> <span class='ocrx_word' id='word_1_796' title='bbox 1324 4800 1515 4872; x_wconf 80' lang='lat' dir='ltr'>gaudentibus,</span> <span class='ocrx_word' id='word_1_797' title='bbox 1538 4797 1634 4870; x_wconf 91' lang='lat' dir='ltr'>quibus</span> <span class='ocrx_word' id='word_1_798' title='bbox 1658 4797 1701 4854; x_wconf 91' lang='lat' dir='ltr'>illc</span> 
     </span>
     <span class='ocr_line' id='line_1_111' title="bbox 916 4895 1332 4968; baseline 0.002 -19"><span class='ocrx_word' id='word_1_799' title='bbox 916 4914 977 4953; x_wconf 85' lang='lat' dir='ltr'>rem</span> <span class='ocrx_word' id='word_1_800' title='bbox 993 4896 1154 4968; x_wconf 76' lang='lat' dir='ltr'>perstridere</span> <span class='ocrx_word' id='word_1_801' title='bbox 1166 4912 1217 4951; x_wconf 92' lang='lat' dir='ltr'>nou</span> <span class='ocrx_word' id='word_1_802' title='bbox 1231 4895 1332 4964; x_wconf 76' lang='lat' dir='ltr'>potuit‘.l</span> 
     </span>
    </p>

    <p class='ocr_par' dir='ltr' id='par_1_17' title="bbox 948 4983 1700 5056">
     <span class='ocr_line' id='line_1_112' title="bbox 948 4983 1700 5056; baseline -0.007 -12"><span class='ocrx_word' id='word_1_803' title='bbox 948 4990 975 5044; x_wconf 67' lang='lat' dir='ltr'>b.</span> <span class='ocrx_word' id='word_1_804' title='bbox 992 4990 1065 5044; x_wconf 91' lang='lat' dir='ltr'>llnuc</span> <span class='ocrx_word' id='word_1_805' title='bbox 1079 4990 1215 5046; x_wconf 88' lang='lat' dir='ltr'>Platonem</span> <span class='ocrx_word' id='word_1_806' title='bbox 1235 4988 1325 5044; x_wconf 83' lang='lat' dir='ltr'>Labeo</span> <span class='ocrx_word' id='word_1_807' title='bbox 1343 4987 1411 5043; x_wconf 86' lang='lat' dir='ltr'>inter</span> <span class='ocrx_word' id='word_1_808' title='bbox 1429 4983 1562 5041; x_wconf 88' lang='lat' dir='ltr'>semideos</span> <span class='ocrx_word' id='word_1_809' title='bbox 1577 4985 1612 5056; x_wconf 76' lang='lat' dir='ltr'>(cl</span> <span class='ocrx_word' id='word_1_810' title='bbox 1626 4999 1700 5041; x_wconf 91' lang='lat' dir='ltr'>com-</span> 
     </span>
    </p>
   </div>
   <div class='ocr_carea' id='block_1_9' title="bbox 911 5095 1701 5715">
    <p class='ocr_par' dir='ltr' id='par_1_18' title="bbox 946 5095 1699 5158">
     <span class='ocr_line' id='line_1_113' title="bbox 946 5095 1699 5158; baseline -0.001 -9"><span class='ocrx_word' id='word_1_811' title='bbox 946 5108 953 5135; x_wconf 87' lang='lat'><strong>¹</strong></span> <span class='ocrx_word' id='word_1_812' title='bbox 975 5104 1007 5149; x_wconf 77' lang='lat' dir='ltr'>-ir</span> <span class='ocrx_word' id='word_1_813' title='bbox 1019 5117 1106 5158; x_wconf 72' lang='lat' dir='ltr'>tirrano</span> <span class='ocrx_word' id='word_1_814' title='bbox 1116 5115 1236 5152; x_wconf 86' lang='lat' dir='ltr'>consensu</span> <span class='ocrx_word' id='word_1_815' title='bbox 1249 5108 1300 5150; x_wconf 82' lang='lat' dir='ltr'>ttsr.</span> <span class='ocrx_word' id='word_1_816' title='bbox 1312 5106 1339 5148; x_wconf 83' lang='lat' dir='ltr'>tt</span> <span class='ocrx_word' id='word_1_817' title='bbox 1349 5099 1417 5153; x_wconf 88' lang='lat' dir='ltr'>editi,</span> <span class='ocrx_word' id='word_1_818' title='bbox 1425 5096 1576 5148; x_wconf 83' lang='lat' dir='ltr'>aduersarios</span> <span class='ocrx_word' id='word_1_819' title='bbox 1587 5095 1699 5149; x_wconf 78' lang='lat' dir='ltr'>ciuitatis·</span> 
     </span>
    </p>

    <p class='ocr_par' dir='ltr' id='par_1_19' title="bbox 944 5160 1597 5232">
     <span class='ocr_line' id='line_1_114' title="bbox 944 5160 1597 5232; baseline -0.021 -15"><span class='ocrx_word' id='word_1_820' title='bbox 944 5167 954 5197; x_wconf 91' lang='lat'><strong>¹</strong></span> <span class='ocrx_word' id='word_1_821' title='bbox 971 5162 1025 5228; x_wconf 82' lang='lat' dir='ltr'>sola</span> <span class='ocrx_word' id='word_1_822' title='bbox 1033 5165 1232 5224; x_wconf 84' lang='lat' dir='ltr'>editiotor.,trec</span> <span class='ocrx_word' id='word_1_823' title='bbox 1243 5161 1421 5232; x_wconf 74' lang='lat' dir='ltr'>imtemmiuns</span> <span class='ocrx_word' id='word_1_824' title='bbox 1431 5160 1505 5231; x_wconf 78' lang='lat' dir='ltr'>bean.</span> <span class='ocrx_word' id='word_1_825' title='bbox 1595 5197 1597 5203; x_wconf 73' lang='grc'>,</span> 
     </span>
    </p>

    <p class='ocr_par' dir='ltr' id='par_1_20' title="bbox 912 5223 1701 5356">
     <span class='ocr_line' id='line_1_115' title="bbox 944 5223 1700 5290; baseline -0.012 -13"><span class='ocrx_word' id='word_1_826' title='bbox 944 5228 981 5289; x_wconf 74' lang='grc' dir='ltr'>(ιι)</span> <span class='ocrx_word' id='word_1_827' title='bbox 993 5230 1161 5290; x_wconf 77' lang='lat' dir='ltr'>netarumque.</span> <span class='ocrx_word' id='word_1_828' title='bbox 1170 5228 1192 5274; x_wconf 91' lang='lat' dir='ltr'>id</span> <span class='ocrx_word' id='word_1_829' title='bbox 1201 5235 1248 5282; x_wconf 82' lang='lat' dir='ltr'>est,</span> <span class='ocrx_word' id='word_1_830' title='bbox 1260 5239 1330 5281; x_wconf 77' lang='lat' dir='ltr'>veru,</span> <span class='ocrx_word' id='word_1_831' title='bbox 1341 5223 1416 5272; x_wconf 76' lang='lat' dir='ltr'>laudis</span> <span class='ocrx_word' id='word_1_832' title='bbox 1426 5223 1549 5282; x_wconf 73' lang='lat' dir='ltr'>artdrtme,</span> <span class='ocrx_word' id='word_1_833' title='bbox 1561 5227 1700 5282; x_wconf 80' lang='lat' dir='ltr'>bomanutu,</span> 
     </span>
     <span class='ocr_line' id='line_1_116' title="bbox 912 5284 1701 5356; baseline -0.01 -18"><span class='ocrx_word' id='word_1_834' title='bbox 912 5284 1441 5353; x_wconf 75' lang='lat' dir='ltr'>quiattouumageusluitlaudisaridisslma.</span> <span class='ocrx_word' id='word_1_835' title='bbox 1492 5345 1497 5356; x_wconf 44' lang='grc' dir='ltr'>Ι</span> <span class='ocrx_word' id='word_1_836' title='bbox 1646 5343 1651 5354; x_wconf 39' lang='grc' dir='ltr'>Ι</span> <span class='ocrx_word' id='word_1_837' title='bbox 1699 5293 1701 5296; x_wconf 74' lang='grc'>’</span> 
     </span>
    </p>

    <p class='ocr_par' dir='ltr' id='par_1_21' title="bbox 912 5341 1699 5479">
     <span class='ocr_line' id='line_1_117' title="bbox 937 5341 1699 5461; baseline -0.004 -64"><span class='ocrx_word' id='word_1_838' title='bbox 937 5353 979 5461; x_wconf 53' lang='lat' dir='ltr'>(nb)</span> <span class='ocrx_word' id='word_1_839' title='bbox 991 5351 1093 5408; x_wconf 72' lang='lat' dir='ltr'>Quatdriu</span> <span class='ocrx_word' id='word_1_840' title='bbox 1112 5357 1182 5398; x_wconf 74' lang='lat' dir='ltr'>enum</span> <span class='ocrx_word' id='word_1_841' title='bbox 1192 5347 1245 5397; x_wconf 89' lang='lat' dir='ltr'>lure</span> <span class='ocrx_word' id='word_1_842' title='bbox 1257 5361 1301 5411; x_wconf 87' lang='lat' dir='ltr'>per</span> <span class='ocrx_word' id='word_1_843' title='bbox 1313 5357 1389 5394; x_wconf 87' lang='lat' dir='ltr'>anuos</span> <span class='ocrx_word' id='word_1_844' title='bbox 1404 5358 1410 5394; x_wconf 90' lang='lat'><strong>:</strong></span> <span class='ocrx_word' id='word_1_845' title='bbox 1424 5357 1479 5394; x_wconf 85' lang='lat' dir='ltr'>uam</span> <span class='ocrx_word' id='word_1_846' title='bbox 1490 5341 1699 5394; x_wconf 80' lang='lat' dir='ltr'>rnuotuetosdtas</span> 
     </span>
     <span class='ocr_line' id='line_1_118' title="bbox 912 5365 1580 5479; baseline -0.012 -18"><span class='ocrx_word' id='word_1_847' title='bbox 912 5413 936 5461; x_wconf 95' lang='lat' dir='ltr'>lu</span> <span class='ocrx_word' id='word_1_848' title='bbox 953 5427 981 5462; x_wconf 91' lang='lat' dir='ltr'>os</span> <span class='ocrx_word' id='word_1_849' title='bbox 991 5424 1055 5460; x_wconf 89' lang='lat' dir='ltr'>anuo</span> <span class='ocrx_word' id='word_1_850' title='bbox 1066 5365 1134 5459; x_wconf 58' lang='lat' dir='ltr'>ttriils</span> <span class='ocrx_word' id='word_1_851' title='bbox 1149 5408 1203 5469; x_wconf 74' lang='grc'>592,</span> <span class='ocrx_word' id='word_1_852' title='bbox 1216 5418 1296 5458; x_wconf 87' lang='lat' dir='ltr'>uarrat</span> <span class='ocrx_word' id='word_1_853' title='bbox 1307 5409 1393 5467; x_wconf 82' lang='lat' dir='ltr'>tirius,</span> <span class='ocrx_word' id='word_1_854' title='bbox 1406 5405 1447 5457; x_wconf 91' lang='lat' dir='ltr'>lib.</span> <span class='ocrx_word' id='word_1_855' title='bbox 1457 5407 1482 5479; x_wconf 72' lang='lat'>‚⁷³</span> <span class='ocrx_word' id='word_1_856' title='bbox 1494 5420 1547 5468; x_wconf 84' lang='lat' dir='ltr'>cap.</span> <span class='ocrx_word' id='word_1_857' title='bbox 1556 5405 1580 5454; x_wconf 62' lang='grc' dir='ltr'>ἒ.</span> 
     </span>
    </p>

    <p class='ocr_par' dir='ltr' id='par_1_22' title="bbox 911 5468 1698 5715">
     <span class='ocr_line' id='line_1_119' title="bbox 943 5468 1696 5536; baseline -0.015 -13"><span class='ocrx_word' id='word_1_858' title='bbox 943 5476 978 5535; x_wconf 87' lang='lat' dir='ltr'>(c)</span> <span class='ocrx_word' id='word_1_859' title='bbox 990 5472 1201 5522; x_wconf 78' lang='lat' dir='ltr'>tardiucsdeorum</span> <span class='ocrx_word' id='word_1_860' title='bbox 1214 5485 1245 5520; x_wconf 85' lang='lat' dir='ltr'>cx</span> <span class='ocrx_word' id='word_1_861' title='bbox 1262 5479 1366 5520; x_wconf 73' lang='lat' dir='ltr'>varrone</span> <span class='ocrx_word' id='word_1_862' title='bbox 1384 5476 1411 5519; x_wconf 88' lang='lat' dir='ltr'>et</span> <span class='ocrx_word' id='word_1_863' title='bbox 1428 5468 1481 5519; x_wconf 81' lang='lat' dir='ltr'>:iliis</span> <span class='ocrx_word' id='word_1_864' title='bbox 1499 5468 1619 5536; x_wconf 82' lang='lat' dir='ltr'>balreutur</span> <span class='ocrx_word' id='word_1_865' title='bbox 1637 5470 1696 5513; x_wconf 85' lang='lat' dir='ltr'>tres.</span> 
     </span>
     <span class='ocr_line' id='line_1_120' title="bbox 911 5525 1698 5599; baseline -0.009 -17"><span class='ocrx_word' id='word_1_866' title='bbox 911 5537 1027 5596; x_wconf 74' lang='lat' dir='ltr'>{praesciam</span> <span class='ocrx_word' id='word_1_867' title='bbox 1038 5533 1099 5582; x_wconf 89' lang='lat' dir='ltr'>deos</span> <span class='ocrx_word' id='word_1_868' title='bbox 1110 5540 1215 5582; x_wconf 86' lang='lat' dir='ltr'>summos</span> <span class='ocrx_word' id='word_1_869' title='bbox 1226 5533 1393 5582; x_wconf 86' lang='lat' dir='ltr'>tronrirrabaut:</span> <span class='ocrx_word' id='word_1_870' title='bbox 1403 5531 1571 5599; x_wconf 68' lang='grc' dir='ltr'>ιιιιιιίιιιιιιιιιοεΙ</span> <span class='ocrx_word' id='word_1_871' title='bbox 1579 5525 1648 5598; x_wconf 62' lang='lat' dir='ltr'>alem</span> <span class='ocrx_word' id='word_1_872' title='bbox 1663 5538 1698 5588; x_wconf 84' lang='lat' dir='ltr'>qrtt</span> 
     </span>
     <span class='ocr_line' id='line_1_121' title="bbox 912 5591 1696 5656; baseline -0.013 -9"><span class='ocrx_word' id='word_1_873' title='bbox 912 5607 936 5647; x_wconf 89' lang='lat' dir='ltr'>et</span> <span class='ocrx_word' id='word_1_874' title='bbox 951 5597 1062 5652; x_wconf 87' lang='lat' dir='ltr'>scutidei,</span> <span class='ocrx_word' id='word_1_875' title='bbox 1074 5608 1105 5644; x_wconf 86' lang='lat' dir='ltr'>er</span> <span class='ocrx_word' id='word_1_876' title='bbox 1117 5594 1195 5644; x_wconf 87' lang='lat' dir='ltr'>altero</span> <span class='ocrx_word' id='word_1_877' title='bbox 1211 5601 1313 5656; x_wconf 80' lang='lat' dir='ltr'>parente</span> <span class='ocrx_word' id='word_1_878' title='bbox 1334 5591 1460 5643; x_wconf 84' lang='lat' dir='ltr'>rnrnrortali</span> <span class='ocrx_word' id='word_1_879' title='bbox 1472 5596 1601 5652; x_wconf 78' lang='lat' dir='ltr'>progeniti,</span> <span class='ocrx_word' id='word_1_880' title='bbox 1615 5595 1642 5637; x_wconf 91' lang='lat' dir='ltr'>ut</span> <span class='ocrx_word' id='word_1_881' title='bbox 1653 5594 1696 5637; x_wconf 82' lang='grc' dir='ltr'>ιιο-</span> 
     </span>
     <span class='ocr_line' id='line_1_122' title="bbox 912 5652 1698 5715; baseline -0.009 -11"><span class='ocrx_word' id='word_1_882' title='bbox 912 5658 998 5715; x_wconf 68' lang='lat' dir='ltr'>riardus,</span> <span class='ocrx_word' id='word_1_883' title='bbox 1009 5652 1134 5715; x_wconf 81' lang='lat' dir='ltr'>ttcrculcs,</span> <span class='ocrx_word' id='word_1_884' title='bbox 1144 5664 1192 5706; x_wconf 86' lang='lat' dir='ltr'>etc.</span> <span class='ocrx_word' id='word_1_885' title='bbox 1205 5655 1246 5705; x_wconf 81' lang='lat' dir='ltr'>alii</span> <span class='ocrx_word' id='word_1_886' title='bbox 1259 5656 1325 5705; x_wconf 85' lang='lat' dir='ltr'>tertii</span> <span class='ocrx_word' id='word_1_887' title='bbox 1336 5654 1427 5704; x_wconf 82' lang='lat' dir='ltr'>ordinis</span> <span class='ocrx_word' id='word_1_888' title='bbox 1440 5662 1464 5703; x_wconf 90' lang='lat' dir='ltr'>et</span> <span class='ocrx_word' id='word_1_889' title='bbox 1476 5665 1506 5702; x_wconf 88' lang='lat' dir='ltr'>er</span> <span class='ocrx_word' id='word_1_890' title='bbox 1519 5658 1623 5713; x_wconf 86' lang='lat' dir='ltr'>utroque</span> <span class='ocrx_word' id='word_1_891' title='bbox 1635 5661 1698 5698; x_wconf 82' lang='grc' dir='ltr'>ιιιοι-</span> 
     </span>
    </p>
   </div>
   <div class='ocr_carea' id='block_1_10' title="bbox 911 5715 1399 5793">
    <p class='ocr_par' dir='ltr' id='par_1_23' title="bbox 911 5715 1399 5793">
     <span class='ocr_line' id='line_1_123' title="bbox 911 5715 1399 5793; baseline -0.006 -25"><span class='ocrx_word' id='word_1_892' title='bbox 911 5726 923 5793; x_wconf 65' lang='lat' dir='ltr'>t</span> <span class='ocrx_word' id='word_1_893' title='bbox 937 5721 951 5768; x_wconf 85' lang='lat' dir='ltr'>lt</span> <span class='ocrx_word' id='word_1_894' title='bbox 965 5726 1065 5782; x_wconf 77' lang='lat' dir='ltr'>qarerrte</span> <span class='ocrx_word' id='word_1_895' title='bbox 1078 5715 1288 5785; x_wconf 67' lang='lat' dir='ltr'>aalidlcebautur</span> <span class='ocrx_word' id='word_1_896' title='bbox 1300 5717 1399 5766; x_wconf 86' lang='lat' dir='ltr'>bernes.</span> 
     </span>
    </p>
   </div>
   <div class='ocr_carea' id='block_1_11' title="bbox 0 0 1954 6390">
    <p class='ocr_par' dir='ltr' id='par_1_24' title="bbox 0 0 1954 6390">
     <span class='ocr_line' id='line_1_124' title="bbox 0 0 1954 6390; baseline 0 6"><span class='ocrx_word' id='word_1_897' title='bbox 0 0 1954 6390; x_wconf 95' lang='lat' dir='ltr'> </span> 
     </span>
    </p>
   </div>
  </div>
 </body>
</html>
