3900 6390
154 248 207 305 tlt
834 249 937 308 bruun
956 246 1100 308 SEXTUS.
1732 240 1786 299 ”8

153 364 235 422 modo
245 364 370 422 limitatas
381 366 405 433 ¹;
416 379 448 422 ac
460 381 509 439 per
518 364 569 422 hoc
581 380 630 423 nce
642 381 657 420 a
667 365 807 422 irruentate
817 377 942 436 oportere
997 365 1122 432 beorum,
1140 373 1168 419 tn
1186 365 1298 420 orrruirnu
1314 364 1456 420 divinarum
1468 362 1684 433 humanorumque
1701 370 1787 415 rerum

153 455 209 527 peti
231 455 312 510 uitam
334 465 479 522 aternam,
494 471 552 527 qum
567 472 620 511 non
632 456 710 512 daret
721 456 847 522 barbam;
862 470 911 511 nec
929 471 944 510 a
984 459 1112 522 ,namium
1129 475 1231 531 penso,
1243 459 1336 529 officia,
1354 473 1444 513 emerus
1455 457 1575 528 operuisti
1588 455 1687 527 (Cicero
1700 455 1744 509 lib.
1761 454 1789 517 l,

155 547 274 604 Fortuna
294 546 402 603 minata
421 547 484 602 honi
508 544 607 618 aliquid
627 557 688 619 post
708 546 777 603 harre
791 546 872 601 vitam
886 560 947 602 esse
999 568 1025 607 e.
1036 553 1063 619 3,
1077 553 1110 606 de
1124 553 1220 620 Queat.
1232 553 1335 624 deod).
1347 553 1398 608 iste
1411 552 1490 623 igitur
1501 552 1542 607 vir
1553 560 1606 607 tam
1620 549 1730 619 irrsipnis
1744 551 1792 603 el·-

156 638 330 709 spemndum,
344 637 420 708 cujus
433 637 459 693 ln
471 638 520 693 lrac
532 640 585 692 ulta
600 647 717 709 potestas
730 636 801 692 nulla
814 644 903 703 esset,
920 644 949 691 ut
1001 643 1176 714 cellentisque
1188 643 1301 715 peritia,
1320 653 1348 700 et
1361 643 1433 714 quod
1446 642 1480 699 de
1497 644 1543 698 illo
1559 643 1640 698 ctiam
1651 640 1790 697 Terentia·

157 731 280 786 eatndem
303 729 398 785 sallem
419 736 618 800 wiolem‚qltae
639 727 721 784 barba
745 727 873 790 induitur·
891 727 949 797 illia
1002 749 1053 791 uns
1064 735 1262 806 elegantissimo
1275 735 1406 792 versiculo
1417 735 1533 791 breuiter
1542 736 1590 800 alt,

156 830 310 894 prostaret.
322 820 397 877 Nune
412 835 487 889 nero,
499 836 559 877 cum
571 836 661 876 earum
676 821 764 876 cultus
777 835 827 875 ιιι
840 826 951 890 proptcr

159 900 211 969 ista
235 915 310 984 ipsa,
324 928 384 984 quas
404 921 498 984 putant
517 911 557 968 eis
574 911 698 976 subdita,
712 912 746 966 sit
766 909 950 974 necessarium

160 1003 222 1072 quia
242 1011 270 1057 et
292 1002 369 1057 multi
381 1002 500 1058 colentes
514 1001 682 1057 ιιιιιιιιιιι
701 999 778 1058 deam
796 999 906 1055 minime
925 994 952 1052 in

161 1094 208 1149 iila
222 1101 300 1149 atate
314 1094 469 1165 riguerunt,
483 1091 599 1149 etmulti
614 1108 667 1148 non
679 1107 739 1149 eam
753 1091 875 1147 colentes
886 1105 952 1162 gau·

162 1183 227 1239 dent
240 1183 339 1239 robore
356 1183 521 1254 jureutrrtis;
536 1185 652 1255 itemque
666 1182 742 1238 multi
753 1182 880 1238 Fortnnse
893 1181 956 1237 bar·

162 1274 234 1330 barse
248 1274 380 1344 supplices
392 1273 426 1329 ad
439 1273 538 1329 nullam
553 1274 595 1330 rel
609 1274 756 1329 deiorrnem
770 1273 878 1329 barbam
894 1286 956 1344 per·

162 1367 421 1437 renirepotucrunt,
434 1365 496 1422 etsi
510 1365 554 1438 qui
568 1380 627 1421 eam
640 1381 687 1436 pro
696 1364 778 1422 barba
788 1362 957 1433 impetranda

162 1465 361 1521 uenerantur‚a
372 1454 489 1512 barbatis
496 1458 556 1527 ejus
562 1456 790 1527 contemptoribus
798 1454 956 1510 irridentur:

166 1550 241 1606 itane
255 1549 352 1621 desipit
366 1564 414 1605 cor
425 1549 582 1617 humanum,
597 1559 636 1617 ut,
651 1565 764 1621 qnorum
777 1547 888 1604 deorum
903 1546 959 1602 cul·

167 1651 225 1697 tum
238 1650 348 1712 propter
360 1640 410 1696 ista
424 1641 480 1712 ipsa
494 1641 649 1711 temporalia
662 1649 689 1695 et
701 1640 755 1695 cito
769 1637 960 1708 pretereuntis

168 1748 290 1799 munera,
302 1733 399 1804 quibus
410 1732 523 1804 singulis
536 1733 634 1805 singuli
647 1746 763 1803 praeesse
777 1730 959 1801 perhibentur,

168 1825 277 1881 inanem
287 1823 515 1895 ludibriosumque
522 1823 669 1895 cognoscit,
679 1829 786 1894 propter
796 1822 876 1876 vitam
887 1830 961 1874 aeter·

170 1931 233 1971 nam
246 1914 410 1971 erodatesse
431 1916 615 1972 lructuosumi
636 1913 710 1969 llarrc
729 1913 793 1968 dare
812 1911 871 1967 illos
883 1925 963 1981 posse

171 2022 222 2064 uec
237 2006 263 2062 bi
275 2007 365 2063 dicere
378 2008 435 2063 ausi
448 2017 527 2075 sunt,
540 2005 586 2079 qui
608 2006 657 2073 eis,
672 2014 701 2062 ut
722 2006 756 2060 ab
776 2003 963 2075 insipientibus

171 2097 278 2170 populis
297 2098 461 2165 colerentur,
477 2098 526 2153 ista
545 2112 627 2168 opera
648 2097 824 2169 temporalia,
837 2095 963 2167 quoniam

172 2189 254 2246 nimis
264 2189 363 2245 multos
373 2197 543 2259 putaverant,
556 2204 589 2245 ne
600 2188 739 2260 qnisquam
750 2203 843 2244 eorum
857 2185 965 2242 sederet

173 2279 287 2344 otiosus,
299 2279 448 2335 minutatim
459 2279 542 2335 diuisa
553 2279 713 2335 tribuerunt.

173 2368 288 2426 CAPUT
302 2367 334 2425 ll.
345 2400 381 2411 -
390 2369 457 2436 Quid
472 2369 612 2427 Varronem
626 2371 657 2426 de
669 2372 717 2426 diis
732 2369 848 2426 Gerulum
861 2369 968 2425 ιιιιιιιι

211 2461 364 2516 credendum
389 2464 432 2524 ιιι.
447 2479 555 2534 mum
572 2460 635 2516 tolio
650 2470 674 2517 et
687 2479 777 2534 penora
796 2473 819 2516 et
837 2479 911 2517 sucro
923 2461 967 2516 de·

211 2551 282 2618 ιιιιι,
296 2560 324 2606 ιιι
333 2553 485 2608 reverentias
499 2569 554 2608 cunr
570 2554 604 2608 eis
618 2563 711 2626 teperet,
726 2555 748 2608 si
757 2554 789 2608 de
802 2553 853 2608 illis
865 2553 967 2608 cumino

209 2643 334 2698 reticeret.

211 2735 279 2805 Quis
297 2735 384 2791 hlarco
397 2733 518 2792 Vamoue
537 2735 668 2792 curiosius
689 2733 738 2790 ista
752 2733 891 2805 quaesiuit?
909 2732 968 2804 quis

178 2826 280 2884 inuenit
293 2826 416 2883 doctius?
428 2827 488 2897 quis
498 2826 675 2883 considerauit
687 2825 832 2882 attentius?
845 2825 904 2896 quis
913 2825 970 2880 dis·

179 2920 261 2976 tinxit
279 2918 400 2975 acutius?
411 2919 470 2990 quis
489 2919 639 2990 diligentins
659 2918 837 2988 pleniusque'
853 2916 970 2972 corneri-

180 3010 250 3082 psit‘?
268 3009 317 3078 Qui
331 3011 434 3065 tametsi
452 3008 540 3065 minus
554 3019 594 3065 est
613 3010 702 3065 suauis
719 3009 836 3080 eloquio,
848 3007 969 3064 doctrina

180 3113 271 3157 tamen
290 3108 369 3173 atque
387 3101 528 3157 sententiis
549 3101 585 3155 ita
604 3099 718 3156 refertus
738 3111 789 3163 est.
805 3110 833 3156 ut
852 3100 878 3155 in
897 3100 970 3157 omni

180 3193 341 3261 eruditione,
354 3209 432 3262 quam
446 3208 495 3248 nos
506 3195 669 3258 secularem,
681 3193 717 3248 illi
732 3203 820 3249 autem
834 3194 970 3250 liberalem

181 3292 290 3350 rocaut,
302 3283 446 3339 studiosum
456 3298 545 3339 rerum
557 3292 656 3339 tantum
669 3284 718 3339 istc
728 3283 832 3350 doceat,
845 3293 971 3354 qnantum

183 3376 331 3430 studiosum
346 3374 487 3431 uerborum
497 3375 592 3431 Cicero
603 3372 728 3431 delectat.
744 3375 862 3446 Denique
874 3384 902 3431 et
915 3375 972 3446 ipse

183 3466 288 3522 Tullius
305 3464 366 3521 buic
383 3465 435 3521 tale
458 3466 637 3521 testimonium
654 3465 785 3536 perbibet,
806 3474 835 3522 ut
857 3464 973 3520 inlibris

184 3557 351 3614 Academicis
364 3556 401 3628 (u)
415 3556 486 3612 dicat
500 3571 570 3623 eam,
585 3572 645 3628 quus
663 3556 698 3613 ibi
711 3567 842 3625 versatur,
856 3557 973 3628 disputa·

186 3649 305 3715 tionem,
332 3662 362 3702 se
381 3647 505 3703 babuisse
523 3662 584 3702 curn
608 3647 697 3702 blareo
719 3647 853 3714 Varrone,
875 3648 975 3703 doctrine

186 3739 283 3810 inquit,
303 3739 415 3792 omniunt
434 3737 510 3811 focile
525 3738 680 3804 acutissimo,
698 3747 723 3793 et
740 3739 793 3794 sine
811 3739 864 3794 ullo
878 3740 976 3793 dubito·

188 3833 257 3884 tione
269 3830 422 3884 doctissimo.
435 3829 493 3884 Non
507 3830 554 3897 ait,
568 3829 803 3902 Eloquentlssimo,
818 3832 870 3900 vel,
886 3833 977 3888 lacun-

188 3920 313 3985 dissimo;
326 3919 450 3990 qnoniam
463 3934 555 3975 reuera
569 3921 595 3974 in
609 3919 659 3975 hac
670 3919 796 3978 facultate
807 3920 917 3977 multum
928 3922 977 3976 im·

190 4025 239 4082 par
252 4020 295 4066 est
305 4027 313 4064 ι
323 4010 382 4076 sed,
398 4011 520 4077 omniunt,
535 4010 628 4080 iuquit,
644 4011 720 4080 femie
733 4011 887 4067 acutissimo.
904 4011 937 4066 Et
949 4010 977 4069 ιι

190 4102 231 4156 cis
253 4100 339 4167 libris,
360 4101 386 4154 id
408 4111 449 4156 est
466 4100 641 4167 Academicis,
662 4100 706 4156 ubi
720 4111 815 4156 curuata
834 4102 979 4158 dubitanda

189 4205 251 4246 esse
268 4189 415 4256 contendit,
438 4190 549 4258 addidit,
570 4191 624 4245 siue
641 4191 696 4245 ullu
711 4191 865 4248 dubitatione
886 4192 979 4249 doetis-

190 4283 264 4337 rinto.
280 4282 404 4338 Proiecto
416 4280 450 4337 de
465 4281 514 4337 bac
532 4298 562 4338 re
574 4282 613 4337 sic
631 4290 688 4337 erat
700 4291 800 4350 certus,
821 4292 850 4337 ιι
865 4283 981 4339 auferret

192 4373 394 4439 dubitationem,
412 4387 491 4443 quam
506 4372 574 4427 solet
592 4373 618 4427 iu
634 4373 758 4428 omnibus
771 4373 908 4438 adhihere,
925 4383 981 4429 tan·

192 4478 271 4534 quam
294 4462 328 4518 de
341 4462 392 4517 boc
406 4478 459 4517 uno
479 4462 558 4516 etiam
579 4475 626 4532 pro
640 4460 859 4517 Academicorum
877 4463 981 4519 dubita·

192 4554 266 4609 tione
278 4552 470 4623 disputatums,
486 4565 517 4606 se
528 4550 713 4606 heademlcnm
728 4551 820 4608 luisset
829 4551 936 4607 oblitus.
951 4552 981 4608 ln

193 4646 281 4717 primo
295 4653 384 4699 autem
405 4643 473 4699 libro
491 4658 551 4698 cum
572 4642 692 4713 ciusdem
713 4642 839 4699 Varronis
853 4644 982 4701 litteraria

193 4749 274 4807 opera
291 4735 457 4805 praedicaret,
472 4733 537 4800 Nos,
551 4734 645 4804 inquit,
658 4734 685 4787 in
700 4743 786 4788 nostro
799 4735 859 4789 urbe
873 4735 983 4808 perepri-

194 4837 283 4882 anntes
297 4836 464 4893 meantesque,
479 4832 597 4893 tcnqttom
609 4824 728 4895 hospites,
741 4825 777 4877 lui
789 4824 845 4879 libri
856 4825 929 4897 qttort'
937 4825 983 4879 do·

194 4936 263 4974 snum
276 4919 441 4984 reduxerunt,
459 4927 487 4971 ιι
500 4934 628 4989 possemus
639 4917 775 4988 aliquando
791 4918 834 4988 qni
853 4929 876 4972 et
888 4919 930 4972 ubi
942 4934 983 4973 es·

193 5029 277 5067 ιιιιιιι
297 5026 441 5081 npnoscere.
461 5008 501 5064 Tu
519 5020 617 5065 etatem
638 5010 737 5079 prutrire,
760 5020 787 5063 ιι
805 5010 984 5079 descriptiones

195 5115 346 5171 temporum,
363 5113 390 5156 tu
407 5119 535 5156 sacrorum
544 5104 614 5174 juro,
631 5115 657 5155 ιι
671 5103 838 5169 sacerdotnm,
856 5111 883 5156 ιιι
896 5102 983 5157 dorne·

195 5195 295 5260 ιιιιιιιι,
307 5202 335 5247 ιιι
347 5192 491 5264 pulliconr⁸
504 5193 673 5263 disciplinam,
687 5204 715 5246 ιιι
734 5192 833 5247 ιιιιιιιι
843 5193 982 5264 reqionum,

228 5310 237 5342 ¹
254 5308 322 5369 aditi,
336 5320 404 5372 posse
414 5307 464 5359 sair
475 5305 558 5372 officiis
570 5278 757 5370 prounm'nwdo
768 5303 875 5357 limitari.
891 5311 984 5368 legeu-

196 5371 253 5420 dtuu
264 5383 319 5420 cum
331 5379 393 5429 nass,
410 5368 523 5420 limitatus
537 5382 546 5419 :
558 5377 584 5418 et
596 5371 706 5430 uerbum,
726 5382 803 5433 posse,
822 5367 986 5431 accipiendum

197 5431 632 5496 Qmmwwmmm

228 5497 302 5543 ’llas
346 5494 353 5509 ⁸
378 5531 383 5549 .
397 5491 456 5542 2031
471 5500 497 5542 et
507 5491 576 5549 toas,
587 5490 737 5557 pioniusque.
755 5500 791 5542 ιι.

229 5555 314 5664 “pind
325 5555 474 5613 ciceronem,
486 5552 603 5602 bellicum.

229 5617 260 5664 ‘F
278 5613 984 5689 iti,sedimn.ntltss.pleriquectapudciccronem,sedcnt.

229 5677 267 5743 (ιι)
277 5676 431 5729 υιιιιιιιιιιιι
442 5690 468 5728 ru
480 5676 548 5728 bbrts
558 5689 601 5741 qut
611 5685 742 5740 supersunt
751 5679 784 5732 dc
794 5686 880 5740 Quam.
890 5677 958 5727 acad.
1000 5743 1006 5749 .

1034 851 1075 900 ιιι
1084 849 1237 900 doctissimus
1244 849 1414 913 undecumque
1425 855 1515 911 varro3

1052 932 1063 994 ι
1074 939 1109 983 De
1116 929 1207 993 metris,
1218 930 1244 982 in
1254 930 1356 983 rectiore
1364 931 1395 983 dc
1407 929 1513 984 uerutus
1522 928 1675 996 maneto.)
1772 946 1775 951 ·

1004 1036 1116 1106 quitum
1139 1036 1221 1091 multa
1244 1036 1315 1106 leglt,
1338 1042 1366 1091 ut
1385 1033 1484 1106 aliquid
1506 1033 1530 1090 ei
1547 1033 1664 1089 scribere
1687 1038 1797 1087 vacasse

1007 1125 1149 1191 rnircmur;
1162 1136 1214 1182 tam
1230 1128 1311 1182 multa
1328 1126 1444 1197 scripsit,
1457 1139 1536 1194 quam
1550 1123 1632 1178 multa
1644 1123 1688 1178 uix
1703 1136 1797 1203 quaera-

1007 1231 1086 1285 quam
1107 1217 1195 1288 legere
1216 1218 1335 1289 potuisse
1356 1215 1518 1272 crelamus:
1535 1215 1595 1280 iste,
1618 1213 1737 1283 inquam,
1756 1211 1799 1266 vir

1008 1315 1098 1362 mutus
1108 1308 1224 1378 ingenio,
1236 1316 1377 1380 tantusque
1387 1307 1519 1370 doctrina,
1533 1305 1556 1361 si
1568 1320 1658 1360 renutu
1672 1294 1798 1358 relut'di-

1009 1399 1141 1465 uiuorum,
1156 1398 1299 1470 dequibus
1317 1400 1419 1465 scribit,
1442 1406 1609 1469 oppugnator
1627 1401 1699 1450 esset
1719 1402 1799 1463 atquo

1010 1492 1171 1559 destmutor,
1187 1508 1284 1564 easque
1295 1508 1348 1548 non
1363 1493 1397 1547 ad
1411 1492 1576 1562 religionem,
1592 1486 1639 1544 scd
1654 1485 1689 1542 ad
1707 1498 1800 1557 supcr-

1011 1586 1145 1641 stitionem
1159 1584 1260 1642 diceret
1273 1585 1416 1657 pertinere,
1439 1583 1530 1639 neseio
1542 1591 1630 1637 utrum
1647 1568 1701 1636 tam
1716 1572 1800 1633 mulla

1012 1677 1039 1733 in
1054 1677 1093 1734 eis
1108 1676 1227 1745 ridenda,
1251 1676 1456 1743 contemnenda,
1471 1673 1626 1732 detestanda
1647 1662 1801 1728 conseribe-

1012 1779 1064 1826 ret.
1078 1768 1143 1824 Cum
1156 1785 1221 1825 nero
1235 1771 1305 1826 Deus
1318 1769 1426 1826 eosdem
1439 1769 1474 1823 ita
1488 1765 1611 1832 coluerit,
1623 1761 1802 1831 colendosque

1013 1862 1154 1928 censuerit,
1172 1872 1201 1918 ut
1215 1862 1242 1917 in
1252 1878 1285 1918 eo
1300 1862 1357 1932 ipso
1371 1876 1453 1932 opere
1472 1859 1620 1915 litterarum
1635 1862 1745 1911 suarum
1758 1850 1802 1908 dl-

1014 1963 1057 2009 cat
1079 1969 1108 2009 se
1128 1954 1222 2010 timere
1245 1968 1280 2009 ne
1296 1962 1415 2025 pereant,
1433 1967 1487 2007 uon
1508 1951 1616 2005 incursu
1630 1946 1730 2010 hostili,
1754 1941 1803 1999 sed

1014 2045 1111 2100 ciricum
1125 2045 1292 2114 negligentia,
1306 2043 1340 2099 de
1353 2059 1403 2113 qua
1415 2042 1474 2098 illos
1486 2041 1560 2096 uelut
1573 2038 1649 2094 ruina
1664 2035 1771 2092 liberari
1787 2048 1803 2087 a

1015 2152 1045 2194 se
1056 2138 1131 2205 dicit,
1144 2146 1171 2192 ct
1181 2137 1207 2192 in
1220 2136 1349 2192 memoria
1359 2136 1489 2191 bonorum
1499 2148 1547 2203 per
1560 2127 1711 2200 huiusmodi
1723 2126 1804 2181 libros

1015 2228 1123 2284 recondi
1138 2238 1218 2300 atque
1227 2228 1328 2283 servari
1338 2226 1443 2281 utiliore
1456 2240 1530 2287 cura,
1544 2237 1623 2292 quarn
1639 2218 1759 2291 ldelellns
1771 2215 1805 2269 de

1016 2320 1139 2376 inccndio
1151 2336 1226 2377 sacra
1238 2318 1366 2386 Vestalis,
1379 2327 1406 2373 ιι
1418 2315 1518 2372 AEncas
1531 2315 1565 2371 de
1575 2311 1689 2384 Trojano
1702 2308 1806 2385 excidio

1017 2422 1127 2484 penates
1141 2412 1269 2468 liberasse
1290 2410 1485 2482 predicantur3
1506 2415 1635 2463 ettamen
1649 2418 1680 2459 ea
1695 2397 1806 2481 legenda

1017 2504 1121 2560 suculis
1132 2502 1228 2574 prodit,
1243 2518 1302 2576 que
1312 2517 1327 2556 a
1338 2499 1502 2573 sapientibus
1515 2507 1542 2554 et
1554 2494 1740 2566 insipientibus
1751 2490 1808 2569 niq-

1017 2594 1069 2649 rito
1081 2592 1239 2664 abjicienda,
1255 2603 1282 2648 et
1291 2592 1396 2649 veritati
1421 2582 1557 2661 religionis
1571 2585 1752 2643 inimicissima
1764 2582 1808 2652 ju·

1018 2685 1141 2741 dicentur
1156 2702 1163 2739 z
1178 2683 1242 2757 quid
1264 2683 1417 2740 existimare
1438 2681 1577 2747 debemus,
1600 2676 1651 2733 nisi
1673 2674 1809 2757 bominem

1019 2778 1177 2833 acerrimum
1188 2791 1220 2831 ac
1230 2775 1433 2846 peritissimum,
1443 2788 1496 2828 non
1507 2781 1595 2826 tamen
1609 2762 1812 2842 sanctoSpiritn

1020 2868 1145 2934 liberum,
1159 2882 1315 2938 oppressum
1331 2866 1414 2920 luisse
1428 2879 1483 2919 ιιι
1495 2855 1811 2933 civitatisconsuctudino

1020 2974 1052 3015 ac
1065 2959 1185 3029 legibus;
1200 2966 1327 3013 ettamen
1341 2971 1382 3018 ca,
1401 2954 1497 3025 quibus
1510 2949 1675 3014 movebatur,
1688 2946 1738 3001 sub
1750 2959 1810 3037 spe·

1021 3049 1062 3103 cie
1071 3046 1287 3103 commendandae
1300 3044 1433 3115 religionis
1448 3053 1536 3097 tacere
1548 3037 1686 3093 noluisset

1021 3158 1135 3216 CAPUT
1154 3157 1198 3214 bl.
1211 3187 1247 3198 -
1259 3155 1322 3222 Ωιι
1330 3157 1362 3210 ιιι
1375 3154 1475 3225 postitio
1492 3149 1614 3222 l'orronis
1624 3146 1812 3211 librorumcrta·

1056 3267 1122 3315 rum,
1136 3265 1198 3321 qnos
1212 3248 1244 3302 de
1257 3243 1454 3318 drutiqttitntt'hus
1471 3256 1555 3297 reram
1564 3239 1733 3294 ιιιιιιιιιιιιιι
1747 3233 1813 3301 dioi-

1057 3356 1195 3412 norumqne
1206 3338 1357 3409 composuit.

1058 3454 1237 3526 Quadraginta
1247 3461 1275 3508 et
1288 3464 1370 3507 unum
1383 3448 1467 3504 libros
1479 3445 1584 3515 scripsit
1597 3441 1809 3512 Antiquitatum:

1024 3547 1074 3603 bos
1094 3548 1122 3602 in
1137 3560 1181 3601 res
1194 3545 1323 3600 humanas
1337 3540 1492 3608 divinasque
1505 3535 1604 3599 divisit,
1621 3533 1702 3589 rebus
1718 3530 1815 3585 buma-

1025 3641 1068 3696 nls
1087 3639 1178 3711 uiginti
1200 3637 1336 3709 quinque,
1358 3633 1456 3688 diuinis
1478 3629 1595 3686 sedecim
1606 3625 1699 3681 tribuit
1713 3641 1721 3676 ι
1735 3623 1818 3678 istam

1026 3745 1133 3790 secutus
1148 3733 1173 3787 iu
1183 3745 1214 3787 ea
1229 3729 1371 3803 partitione
1384 3727 1526 3788 rationem,
1538 3732 1569 3777 ut
1581 3735 1672 3777 rerum
1685 3718 1815 3772 hnmana·

1026 3842 1086 3883 rum
1112 3826 1194 3881 libros
1216 3836 1296 3878 senos
1317 3830 1431 3891 quatuor
1451 3817 1569 3888 partibus
1591 3814 1677 3868 duret
1699 3808 1816 3866 intendit

1028 3919 1099 3973 euim
1109 3916 1154 3986 qui
1165 3921 1255 3985 agant,
1268 3911 1313 3967 ubi
1326 3917 1416 3981 agant,
1431 3904 1537 3976 quando
1546 3914 1636 3974 agant,
1650 3900 1714 3973 qnid
1725 3907 1814 3969 agant.

1029 4006 1057 4062 ln
1070 4021 1117 4062 sex
1127 4006 1215 4072 itaque
1230 4000 1323 4072 primis
1335 3999 1370 4054 de
1382 3996 1534 4052 bominibus
1547 3993 1664 4063 scripsit,
1678 3993 1705 4047 ιι
1720 4005 1816 4061 sectuq-

1029 4099 1132 4154 disses
1146 4094 1264 4157 delocis,
1275 4107 1322 4147 sex
1333 4089 1428 4146 tertius
1440 4087 1475 4143 dc
1489 4086 1664 4156 temporibus,
1675 4097 1723 4139 sex
1737 4096 1818 4152 quar·

1031 4200 1072 4247 tos
1091 4188 1252 4256 eosdemque
1270 4192 1419 4255 postremos
1432 4179 1467 4236 dc
1486 4179 1567 4235 rebus
1579 4175 1703 4233 absoluit.
1718 4174 1818 4242 Quare

1030 4289 1119 4337 autem
1141 4277 1209 4343 seni,
1224 4274 1317 4345 uiginti
1331 4281 1360 4328 ιι
1370 4280 1482 4341 quatuor
1496 4269 1572 4324 liunt
1592 4267 1645 4323 Sed
1665 4282 1747 4321 utrum
1760 4265 1818 4321 sin-

1031 4373 1160 4444 gualonem,
1176 4369 1221 4440 qui
1234 4365 1410 4423 communiter
1421 4364 1496 4435 prius
1508 4362 1541 4417 de
1559 4359 1684 4416 omnibus
1697 4358 1819 4426 loquere·

1033 4476 1085 4529 tur,
1100 4465 1126 4518 in
1141 4464 1226 4532 capite
1239 4458 1338 4531 posuit.
1354 4458 1383 4513 ln
1404 4454 1501 4512 diuinis
1515 4451 1660 4509 identidem
1678 4450 1758 4503 robus
1771 4460 1819 4502 ett-

1032 4559 1093 4614 dem
1113 4556 1146 4612 ab
1168 4553 1214 4610 illo
1229 4549 1367 4608 divisionis
1387 4548 1472 4603 torma
1495 4553 1599 4602 seruata
1619 4551 1670 4605 est,
1691 4546 1824 4609 quantum

1033 4649 1128 4705 attinet
1150 4649 1183 4703 ad
1205 4663 1236 4704 ca
1253 4662 1313 4717 quae
1327 4645 1379 4701 diis
1397 4641 1546 4698 exhibenda
1566 4646 1646 4692 sunt:
1661 4633 1821 4689 exhibenttn·

1033 4747 1105 4805 euim
1117 4744 1151 4799 ab
1162 4739 1315 4796 bominibus
1329 4737 1355 4790 in
1367 4734 1432 4790 locis
1442 4742 1470 4788 et
1482 4728 1646 4800 temporibus
1657 4739 1744 4781 sacra.
1757 4723 1822 4781 llas

1034 4846 1157 4910 quatuor,
1167 4848 1227 4903 qum
1239 4830 1305 4895 dixi,
1320 4827 1395 4882 libris
1411 4823 1567 4895 complexus
1581 4827 1623 4873 est
1637 4816 1723 4872 ternis
1737 4832 1744 4869 :
1759 4829 1845 4915 nam*-
1898 4892 1903 4899 Ι

1035 4942 1089 4987 tres
1097 4929 1200 5000 priores
1212 4925 1246 4980 de
1256 4921 1408 4978 hominibus
1419 4915 1536 4984 scripsit,
1548 4919 1691 4980 sequentes
1701 4907 1821 4973 dolosis,
1844 4915 1845 4918 ’

1037 5023 1130 5079 tertios
1143 5018 1178 5074 de
1195 5013 1371 5085 temporibus,
1389 5015 1500 5079 quartus
1512 5004 1547 5058 de
1566 5006 1667 5066 socris;
1686 5000 1766 5054 etiam
1779 4997 1824 5054 hic

1035 5114 1081 5186 qui
1092 5111 1244 5173 exhibeant,
1257 5105 1302 5161 ubi
1314 5101 1466 5164 exhibeant,
1476 5092 1581 5167 qnando
1591 5094 1745 5158 exhibeant,
1761 5090 1823 5162 quid

1037 5203 1188 5265 exhibeant,
1200 5196 1372 5255 subtilissima
1382 5189 1550 5247 distinctione
1559 5185 1759 5242 commendans.
1771 5181 1823 5237 Sed

1036 5296 1098 5367 quia
1112 5291 1251 5364 oportebat
1269 5287 1368 5349 dicere,
1384 5290 1412 5338 et
1435 5279 1550 5335 maxime
1569 5277 1596 5333 id
1608 5274 1823 5346 exspectabatur,

1039 5385 1133 5458 quibus
1150 5379 1302 5441 exhibeant,
1317 5375 1350 5430 de
1370 5372 1435 5442 ipsis
1449 5383 1555 5442 quoque
1569 5366 1621 5422 diis
1637 5377 1691 5421 tres
1703 5362 1824 5418 conscri-

1039 5476 1092 5547 psit
1105 5481 1250 5534 eatremos,
1271 5478 1301 5522 ut
1314 5464 1455 5536 quinquies
1472 5461 1541 5517 terni
1553 5457 1704 5530 quindecim
1717 5454 1824 5511 herent.

1039 5569 1107 5623 Sunt
1129 5571 1217 5617 antem
1239 5572 1343 5621 omnes,
1365 5565 1394 5610 ut
1414 5553 1540 5620 dirimas,
1563 5547 1679 5604 sedecim
1694 5562 1701 5597 :
1715 5543 1776 5613 quia
1799 5551 1824 5598 ct

1042 5660 1153 5719 istorum
1164 5651 1274 5711 exordio
1283 5664 1365 5707 unnru
1376 5646 1547 5718 singularem,
1561 5639 1605 5714 qui
1615 5638 1687 5711 prius
1699 5635 1732 5693 dc
1743 5646 1824 5735 ornat·
