3900 6390
154 344 208 415 ⁵¹³
815 354 1106 427 mnsnuuaarus
1195 384 1222 395 --
1722 352 1776 415 m

154 459 234 514 tanda
255 467 335 526 sont;
351 461 378 518 io
393 462 470 520 tertio
482 473 571 522 autem
593 467 628 524 de
648 468 690 541 bis
710 484 768 542 guse
789 469 862 526 stulti
880 471 937 527 scia
992 470 1117 545 obseguia
1131 481 1159 531 cs
1171 472 1344 543 oarturpium
1361 471 1498 530 bominum
1519 471 1665 535 assumta
1684 472 1777 537 nto

153 549 257 619 perpeti
269 549 430 643 exhorrent,
443 556 562 626 corporis
580 557 701 615 videlicet
715 567 937 632 externarumque
991 569 1066 618 neate
1083 561 1198 620 coluisse
1213 562 1376 619 contendunt
1386 563 1407 619 ¹.
1417 563 1572 634 Quanquam
1592 562 1667 634 priua
1678 563 1779 620 vellana

154 653 262 706 ferum,
276 656 337 712 cum
356 643 511 717 pleramque
528 647 665 718 patiuntur
680 658 709 705 et
727 648 801 706 boni.
815 649 940 707 lllaueru
991 653 1126 726 paululum
1143 653 1286 725 inquirere,
1308 668 1368 725 oue
1386 652 1421 709 sit
1442 654 1521 718 ratio,
1542 668 1603 725 que
1627 652 1777 725 prudentia,

153 731 224 785 mala
236 746 288 787 non
301 732 362 790 dloo
374 736 516 806 patienter,
528 737 575 794 sed
592 738 705 797 libenter
718 740 943 815 babent,quibus
983 734 1052 801 'cam
1066 743 1202 800 lsnmirmnr
1219 743 1369 802 felicitatem
1382 759 1436 801 non
1447 745 1534 815 poesie
1545 740 1695 811 ostendere,
1707 758 1779 811 sem·

154 820 206 893 ipsi
219 823 287 880 dsunt
303 824 374 883 mali.
391 826 427 884 lit
439 843 517 901 quam
534 832 794 902 partcadixideaoia
807 835 863 907 ipsa
876 834 941 891 civi·
991 849 1040 906 per
1053 836 1079 889 in
1094 833 1195 890 bellicis
1206 833 1326 892 cladibus
1336 842 1364 890 et
1377 833 1404 889 iu
1427 831 1555 904 sanguine
1574 830 1655 899 ciuili,
1670 831 1717 897 ael
1730 832 1779 888 bc·

155 921 209 970 tate
230 923 310 987 atque
331 918 390 989 ejus
409 920 540 992 inpermt
557 938 610 989 nec
628 923 689 980 inde
702 928 791 982 omnia
804 940 889 997 usquc
906 926 940 982 ad
992 924 1055 991 stili,
1068 932 1156 981 umen
1168 916 1371 992 bumanncu'm
1379 910 1778 1005 tenebrcsctlmereetcruenta

153 1004 287 1061 Cesaram
303 1009 459 1089 Augustum,
473 1011 555 1083 Quid,
569 1015 592 1070 si
611 1029 821 1073 commemorare
840 1016 940 1074 nabris-
984 1003 1317 1086 'cupiditatcrersamium
1331 1015 1455 1072 utritrca
1475 1008 1568 1072 letitia
1587 1004 1778 1099 comparetur?

155 1110 229 1164 sem,
244 1105 271 1153 et
285 1114 445 1171 exaggerare
460 1103 503 1158 iila
518 1104 587 1161 mala
599 1146 606 1171 ‚
619 1121 678 1177 qum
692 1123 746 1163 non
765 1107 816 1164 sibi
828 1108 940 1165 invicem
992 1103 1121 1178 fragiliter
1142 1108 1290 1180 splendide,
1308 1095 1356 1165 eni'
1371 1107 1496 1164 timeatur
1517 1093 1671 1162 horribilius
1684 1090 1718 1161 ne
1731 1090 1778 1191 res

155 1184 278 1245 homines
293 1188 409 1261 iaciunt,
431 1194 500 1249 sicut
512 1204 574 1271 sunt
592 1197 753 1253 vastationes
774 1198 940 1255 eversiones·
992 1205 1071 1276 pente
1083 1194 1227 1270 lrangat'ur,
1240 1197 1275 1254 de
1289 1196 1391 1268 imperii
1406 1194 1587 1266 magnitudine
1598 1190 1779 1250 aciatitudinc

155 1293 208 1350 gne
223 1280 392 1371 bellantium,
406 1284 452 1341 sed
465 1301 498 1341 ex
519 1286 602 1358 ipsius
619 1288 711 1344 mundi
727 1287 867 1346 elementis
885 1276 941 1347 ter'·
992 1286 1061 1343 relic
1073 1287 1191 1358 gloriari.
1204 1277 1263 1344 lloc'
1274 1281 1306 1344 ut'
1323 1286 1607 1358 iaciliusdijodicctur,
1624 1282 1679 1341 nan'
1697 1298 1779 1359 ωηο,-

155 1370 229 1426 renis
249 1369 372 1428 accidunt
392 1374 491 1431 rebusi
506 1376 565 1447 obre
576 1393 630 1434 uno
642 1377 701 1434 loco
719 1377 943 1450 Apuleinsbreri·
993 1391 1097 1434 mamus
1118 1379 1189 1434 imni
1203 1366 1363 1436 ventositate
1374 1377 1477 1449 jactati,
1500 1386 1579 1449 atque
1601 1373 1785 1433 obtonbnus

156 1467 198 1515 ter
217 1460 323 1532 stringis
341 1463 367 1517 ln
384 1478 417 1519 co
436 1464 505 1521 libro
520 1480 598 1537 quem
613 1467 647 1523 de
666 1466 763 1523 Mundo
775 1468 881 1541 scripsit
891 1460 940 1541 (a),
993 1467 1147 1525 intentionis
1160 1469 1244 1525 aciem
1261 1468 1384 1525 altisonis
1398 1452 1532 1523 uocabulis
1544 1480 1642 1545 rerum,
1657 1452 1777 1520 cumau-

157 1560 261 1609 tesrena
273 1553 363 1610 cronia
373 1554 847 1637 dicensmutationes,conversiones
860 1567 942 1630 atque
993 1558 1081 1617 dimus
1095 1560 1214 1632 populos,
1230 1576 1322 1631 regna,
1341 1559 1491 1631 provincias
1507 1576 1514 1613 :
1537 1557 1588 1614 sed
1598 1556 1666 1615 duos
1677 1550 1778 1611 constiss

157 1640 277 1698 interitus
292 1643 400 1701 babere.
414 1645 533 1718 Namque
548 1648 697 1715 immodicis
719 1649 877 1706 tremoribus
890 1659 943 1706 ter·
993 1658 1098 1708 tuamus
1108 1651 1230 1709 bomincs
1244 1651 1316 1727 (nam
1328 1651 1446 1723 singulus
1466 1649 1578 1721 gaisone
1595 1647 1687 1711 bomo,
1703 1655 1732 1702 nt
1751 1644 1786 1703 tu.

156 1744 266 1800 iilum,
292 1741 322 1788 ul
344 1734 432 1805 vellii.
457 1736 515 1807 01¹¹ss
537 1746 615 1807 ⁰²³1,
635 1738 782 1823 dissilui&
811 1739 942 1807 humum,
993 1757 1117 1799 sermore
1127 1758 1176 1800 una
1190 1744 1287 1808 littera,
1301 1744 1335 1798 ita
1350 1741 1600 1819 qnasi'elementum
1614 1746 1654 1796 est
1665 1720 1780 1795 civitatis

156 1829 185 1875 et
207 1821 369 1895 interceptas
391 1827 472 1883 urbes
495 1841 556 1884 cum
580 1827 685 1899 populis
707 1828 772 1885 dicit
794 1845 802 1883 ε
824 1828 946 1899 abruptis
987 1823 1022 1890 ¹et
1035 1834 1118 1905 regui,
1129 1835 1291 1905 quantalibet
1305 1846 1434 1889 terrarum
1451 1824 1626 1903 occupatione
1635 1824 1778 1903 latissimi),

156 1914 237 1969 eiiam
258 1915 388 1973 imbribus
407 1919 526 1990 prolutas
548 1929 616 1990 illigas
635 1935 696 1978 ease
717 1920 866 1993 regiones:
885 1921 943 1977 illst
993 1942 1105 1998 qnorum
1125 1927 1236 1982 duorum
1258 1927 1404 1990 hominurn,
1419 1938 1561 1995 pauperem
1576 1920 1719 1988 nnuman!
1733 1916 1786 1980 ω’-

156 2005 236 2060 etiam
255 2022 316 2077 qua
333 2009 407 2079 prius
419 2009 526 2067 lucrant
536 2012 719 2082 continentes,
738 2012 885 2084 hospitibus
903 2022 944 2071 at·
988 2017 1046 2072 'tius
1059 2016 1236 2082 mediocrem;
1256 2017 1336 2072 alium
1358 2014 1519 2087 predivitem
1542 2012 1709 2085 cogitemus:
1730 2006 1780 2066 sed

156 2111 209 2168 que
220 2097 331 2180 aduenis
345 2100 469 2159 fluctibns
481 2104 625 2171 insulatas,
639 2104 758 2176 aliasque
771 2104 873 2162 desidia
886 2121 943 2163 ma·
994 2108 1104 2165 diuitem
1122 2109 1262 2164 tirnoribus
1275 2104 1394 2173 anxium,
1416 2103 1576 2162 moeroribus
1589 2102 1778 2167 tabescentem,

157 2189 195 2244 ria
208 2188 325 2259 pedestri
336 2207 443 2249 accessu
456 2195 560 2266 pervias
573 2194 657 2251 lacus
669 2213 678 2252 ι
690 2196 821 2257 vetatione
834 2197 942 2267 procel·
993 2198 1310 2270 cupiditateilagrantem,
1325 2212 1458 2269 nunquam
1471 2207 1603 2253 accurram.
1617 2205 1724 2262 semper
1736 2190 1781 2246 tna

157 2280 190 2335 lis
204 2295 313 2337 euersas
326 2286 520 2343 essccisitates
532 2305 540 2342 ι
554 2287 677 2345 incendia
694 2289 729 2346 de
749 2289 864 2347 nubibus
874 2289 943 2346 emi·
994 2289 1123 2359 quietum,
1146 2290 1279 2361 perpetuis
1301 2288 1497 2345 inimicitiarum
1508 2282 1721 2343 contentionibus
1732 2296 1786 2337 an-·

157 2385 234 2428 casse
247 2373 268 2439 ¹,
285 2374 380 2445 quibus
398 2375 513 2434 Orientis
527 2378 651 2450 regiones
665 2379 834 2452 conflagratae
853 2381 942 2452 peric·
994 2378 1139 2447 beheim,
1152 2390 1292 2453 augentem
1313 2395 1380 2436 sane
1396 2379 1439 2435 lais
1459 2378 1572 2435 miseriis
1592 2374 1786 2448 patrimonium

157 2471 235 2529 runt;
253 2471 281 2520 et
301 2464 329 2520 in
350 2465 605 2541 Occidentis-plagis
626 2471 799 2544 scaturigines
816 2471 943 2543 quasdam
994 2485 1071 2527 suum
1091 2472 1118 2528 in
1138 2471 1306 2528 immersum·
1319 2469 1448 2536 modom„
1460 2478 1539 2541 atque
1561 2465 1614 2527 illia
1631 2462 1787 2536 sugmctrtis

157 2567 189 2609 ac
199 2553 369 2632 proluviones
381 2558 487 2614 easdem
505 2568 608 2632 stragas
617 2560 734 2621 dedisse.
747 2560 792 2618 Sic
809 2576 842 2619 ex
855 2561 944 2620 AEtne
993 2576 1074 2619 curas
1093 2575 1199 2634 qaoque
1216 2562 1397 2619 amarissimas
1418 2554 1790 2632 aggerantenr3-medlccram

158 2649 303 2725 verticibus
312 2650 446 2720 quondam
460 2653 555 2715 effusis
568 2640 733 2724 crateribus,
747 2655 837 2712 divino
849 2655 943 2712 incen-
995 2667 1060 2708 vcro
1083 2653 1157 2709 illum
1183 2669 1213 2709 rc
1236 2653 1358 2711 laaniliari
1379 2665 1458 2723 parva
1479 2658 1559 2720 atque
1576 2646 1710 2705 succincta
1730 2643 1792 2702 tibia

160 2736 205 2795 dic
221 2754 269 2810 per
283 2738 414 2810 declivia,
431 2744 556 2800 torrentis
575 2745 633 2801 vice
653 2745 817 2802 flammarum
837 2745 944 2803 domina
994 2734 1791 2811 sufficientem,clarissimumsuis,cumcognatis⁸,vicinas,

162 2829 324 2886 cucurrisse.
349 2831 377 2887 Si
404 2832 461 2889 baec
488 2843 567 2905 atqua
594 2836 762 2906 huiusmodi,
783 2853 842 2910 quae
866 2837 946 2894 babet
994 2835 1089 2892 amicis
1100 2834 1251 2891 dulcissima
1273 2848 1338 2905 pace
1361 2832 1535 2906 gaudentem,
1553 2831 1651 2901 pictate
1672 2825 1781 2896 religioe

160 2917 289 2989 historia,
300 2920 373 2979 unde
386 2938 492 2995 possem
504 2925 651 2997 ,colligere
664 2927 826 2996 noluissem,
838 2929 945 2999 quando
995 2942 1068 2993 sum,
1081 2926 1222 2998 benignum
1235 2934 1334 2991 mente,
1350 2939 1444 2980 sanum
1456 2922 1645 2993 corpore,‚uita
1660 2934 1792 2990 parcum„

159 3013 281 3069 linissem
297 3015 424 3084 quasillis
444 3018 606 3087 temporibus
625 3027 789 3088 evenerunt,
802 3031 945 3091 autequam
995 3018 1114 3075 moribus
1133 3025 1249 3083 tastum,
1259 3014 1569 3072 conscientia-securum.
1584 3009 1680 3066 Nescio
1693 3017 1793 3064 ubumt

159 3101 256 3159 Christi
270 3120 367 3162 tromen
380 3107 423 3163 illa
435 3108 547 3165 istorum
560 3112 648 3165 varra‘
662 3121 690 3166 et
704 3126 773 3167 uerae
785 3112 863 3169 saluti
879 3114 945 3183 perss
995 3109 1134 3180 quisqtram
1146 3107 1182 3162 ita
1196 3105 1319 3176 desipiat,
1333 3113 1363 3160 ut
1375 3103 1472 3160 audeat
1483 3101 1606 3157 dubitare
1616 3115 1696 3170 quem
1710 3113 1781 3170 prm-

160 3195 260 3252 niciosa
274 3199 483 3269 comprimeret?
496 3200 671 3257 Promiseram
685 3203 764 3261 edam
776 3219 820 3259 me
835 3203 946 3259 demon·
996 3198 1072 3255 ierat.
1087 3197 1124 3253 iit
1136 3210 1200 3267 ergo
1212 3196 1239 3252 in
1257 3194 1300 3251 bis
1313 3194 1416 3251 duobus
1435 3191 1599 3258 bominibus,
1619 3190 1654 3246 ita
1673 3189 1700 3244 in
1719 3187 1786 3245 dua·

159 3295 321 3355 stratumm,
334 3304 402 3361 quos
418 3305 516 3350 eorum.
530 3307 635 3359 mores,
656 3304 684 3350 et
703 3309 782 3363 quam
792 3296 827 3349 ob
837 3309 945 3352 causam
996 3287 1047 3344 bus
1058 3286 1175 3355 familiis,
1188 3288 1224 3347 ita
1237 3289 1263 3361 in
1275 3286 1379 3343 duobus
1391 3284 1506 3356 populis,
1518 3283 1553 3339 ita
1573 3282 1604 3337 in
1620 3279 1724 3337 duabus
1737 3294 1792 3335 re·-

162 3376 231 3434 lieus
242 3393 324 3437 verus
334 3380 368 3437 ad
380 3381 529 3454 augendum
537 3383 678 3455 imperium
690 3384 815 3455 adjurare
824 3385 945 3454 «lignatus
996 3380 1056 3451 gnis
1066 3379 1156 3450 regula
1176 3379 1296 3450 seqnitur
1308 3375 1442 3449 equitatis
1454 3393 1462 3430 ι
1475 3389 1527 3445 oua
1547 3372 1687 3444 vigilanter
1704 3366 1794 3426 aaut«

160 3477 217 3534 est,
234 3469 262 3524 in
276 3469 352 3541 carius
367 3480 496 3542 potestate
512 3480 575 3529 sunt
589 3488 670 3546 regna
691 3476 798 3542 amram,
812 3490 946 3547 ortamque
996 3472 1061 3539 bita,
1077 3470 1099 3527 si
1120 3482 1211 3527 nostra
1233 3469 1347 3525 intentis
1359 3468 1524 3538 corrigatur,
1544 3463 1668 3521 laciilimc
1679 3459 1782 3517 videbi·

161 3556 225 3614 nibil
247 3573 297 3616 eos
309 3560 458 3630 adiuuerint
479 3562 507 3618 bi
526 3579 593 3636 quos
610 3564 676 3621 deos
691 3574 798 3635 putant,
813 3576 840 3622 et
859 3567 945 3638 potins
995 3578 1056 3618 mus
1070 3560 1115 3618 ubi
1129 3560 1228 3617 habitet
1242 3559 1354 3624 senuas,
1369 3565 1397 3615 et
1418 3558 1462 3615 ubl
1482 3555 1604 3612 felicitas.
1617 3554 1793 3623 Quapropter·

160 3657 289 3717 lwtlum
313 3651 471 3723 decipiendo
494 3663 522 3711 et
545 3654 660 3712 lalleudo
683 3659 850 3721 nocuerint:
876 3659 949 3714 unde
996 3655 1105 3711 sinerus
1120 3651 1397 3722 Deusculatur,eiqua
1405 3648 1489 3706 saeris
1504 3645 1643 3703 veracibus
1660 3640 1794 3704 etbouit
1821 3675 1825 3693 ι

160 3753 230 3794 uunc
253 3738 320 3796 mibi
344 3742 421 3798 uideo
449 3758 509 3800 esse
538 3744 741 3814 dicendum,et
761 3748 844 3818 magis
856 3746 890 3804 de
904 3749 947 3804 ln·
997 3744 1116 3800 moribus
1127 3742 1269 3807 serviatur,
1285 3740 1352 3796 utile
1363 3745 1442 3798 estut
1452 3737 1513 3794 boni
1526 3735 1604 3805 louge
1615 3734 1722 3805 lateque
1738 3730 1784 3788 diu

160 3833 304 3887 crementis
332 3833 434 3904 imperii
467 3835 590 3892 bomani.
612 3835 677 3892 Nam
705 3838 738 3895 dc
763 3841 840 3904 noxia
869 3839 945 3896 lalla-
997 3843 1118 3906 regnent.
1132 3833 1224 3904 Neque
1238 3831 1289 3888 hnc
1308 3841 1361 3887 tarn
1386 3829 1462 3900 ipsis,
1482 3841 1561 3898 qaum
1577 3824 1628 3881 illis
1646 3824 1711 3879 utile
1730 3829 1790 3890 cst,

160 3921 483 3994 catenarumque
507 3925 579 3982 uelut
604 3927 671 3984 deos
696 3929 834 3995 colebant,
863 3945 947 4001 quan-
997 3926 1093 3996 quibus
1105 3932 1225 3995 regnant.
1240 3922 1307 3979 Nam
1318 3931 1446 3994 quantum
1459 3918 1493 3973 ad
1507 3917 1580 3988 ipsos
1593 3915 1718 3986 pertinet,
1731 3912 1787 3983 pic·

161 4019 215 4064 tom
234 4011 365 4067 malorum
385 4013 514 4070 invexerit
532 4016 767 4084 moribuseorum,
784 4019 810 4073 in
829 4019 947 4074 secundo
999 4025 1040 4070 tos
1058 4024 1087 4070 et
1108 4013 1224 4085 probitas
1236 4026 1339 4078 eorum,
1361 4024 1421 4080 qum
1442 4021 1536 4079 magna
1550 4004 1619 4062 dona
1641 4003 1688 4060 liei
1711 4008 1787 4067 suot,

161 4101 277 4158 manime
291 4103 360 4159 libro
375 4120 428 4161 non
446 4107 594 4178 pauculam
614 4107 684 4163 dicta
702 4118 773 4164 sunt.
789 4110 840 4165 Per
852 4126 947 4169 amaros
980 4119 981 4122 ’
998 4103 1097 4163 sutum
1109 4106 1149 4159 eis
1161 4102 1195 4158 ad
1208 4117 1297 4158 ueram
1311 4100 1537 4168 felicitatemque
1550 4103 1578 4153 et
1590 4095 1640 4150 iata
1653 4093 1706 4148 uita
1716 4091 1788 4148 benc

162 4200 251 4248 autem
266 4192 404 4251 absolutos
416 4203 471 4253 tres
492 4196 590 4264 libros,
611 4197 656 4254 ubl
670 4210 846 4270 opportunum
861 4202 946 4256 visum
998 4204 1101 4266 matur,
1115 4202 1144 4251 ct
1164 4202 1259 4265 postea
1281 4191 1440 4263 percipiatur
1460 4197 1569 4244 aterna.
1598 4184 1626 4240 ln
1652 4184 1702 4242 bac
1720 4195 1798 4253 ergc=

162 4295 219 4353 est,
239 4287 484 4344 commendavimus
496 4289 597 4346 'etiam
617 4290 643 4345 in
663 4291 728 4360 ipsis
748 4291 852 4349 bellicis
871 4292 948 4348 mals
1000 4298 1070 4343 terra
1081 4299 1191 4354 regnum
1206 4283 1334 4342 bononm
1348 4297 1403 4338 nnn
1413 4289 1465 4335 tam
1480 4278 1533 4333 illia
1544 4284 1694 4348 prestatur,
1704 4288 1796 4345 quiam

162 4385 288 4444 quantum
300 4377 455 4432 solatiorum
468 4378 537 4434 Deos
550 4394 598 4448 per
609 4379 707 4435 Christi
718 4396 827 4451 nomen,
836 4382 879 4438 cui
890 4391 951 4437 tan·
1000 4378 1079 4434 rebus
1095 4375 1217 4432 ltumanis
1235 4391 1242 4428 ε
1257 4373 1389 4429 nralomm
1411 4385 1478 4427 uero
1497 4382 1607 4439 regnum
1632 4366 1716 4436 magis
1741 4378 1786 4419 re-

163 4476 218 4523 tum
244 4469 369 4535 honoris,
390 4470 503 4527 Barbari.
524 4469 675 4527 detulerunt
697 4481 792 4543 praeter
817 4473 948 4529 bellorum
999 4468 1141 4541 guantibus
1154 4474 1244 4533 nocet,
1264 4463 1309 4534 qui
1323 4461 1634 4520 massulanos-etstan!
1653 4454 1796 4509 Scelerum·

163 4575 283 4625 morem,
310 4561 386 4616 bonis
409 4562 538 4632 malisrprc
564 4553 723 4629 contulerit,
748 4565 883 4634 quomodo
903 4565 949 4635 qui
1000 4560 1100 4629 oraiore
1113 4557 1233 4622 lineatim
1248 4554 1389 4609 lrisnutem
1403 4551 1446 4623 qui
1460 4543 1787 4609 cisscrsiendosubdun·

163 4650 225 4706 lacit
235 4651 320 4706 solem
333 4666 409 4707 suurn
425 4652 489 4708 oriri
502 4639 679 4723 superbonus
691 4655 829 4720 etmalos,
842 4662 869 4711 et
883 4655 949 4725 pluit
1001 4659 1054 4716 uir,
1069 4664 1121 4705 non
1135 4646 1272 4704 nocatnisi
1281 4644 1405 4714 iniguitas
1416 4639 1532 4712 propria.
1544 4637 1610 4695 Nam
1620 4631 1786 4707 justisquial·

163 4743 338 4814 ⁸¹¹tlt³il¹¹⁸²⁰⁵
350 4754 378 4800 0²
392 4745 505 4812 injustos
521 4743 628 4815 (lictus
643 4761 669 4813 r,
684 4745 741 4815 lb).
1000 4743 1064 4815 quid
1075 4741 1204 4798 malorum
1223 4737 1257 4791 ab
1269 4735 1367 4808 irriguis
1379 4732 1495 4788 dominis
1509 4730 1723 4799 irrogatur,„non
1744 4730 1792 4787 est

162 4850 274 4911 ddPU'l'
294 4853 337 4910 lll.
354 4885 388 4895 -
401 4854 559 4926 dulcitudo
573 4856 753 4928 imperim
766 4857 955 4916 mmmmm„
1001 4850 1079 4907 prena
1093 4827 1403 4898 crimims„sedvirtrrtis
1425 4839 1547 4881 examen.
1567 4818 1682 4878 Proinde
1700 4816 1792 4889 bonus

195 4947 344 5016 moniritur,
358 4948 385 5001 in
401 4947 534 5002 boniacine
552 4948 702 5018 sapientiem
721 4948 834 5003 iaciendo
846 4951 887 5014 rit,
900 4951 951 5009 ιιι,
1001 4927 1104 4982 etiamsi
1119 4923 1227 4986 serviat,
1244 4920 1383 4977 liberast:
1405 4915 1491 4972 malus
1503 4920 1593 4967 autern
1614 4905 1720 4964 etiamsi
1739 4920 1789 4963 rc·

1001 5027 1074 5089 goot,
1089 5029 1183 5071 sersus
1195 5023 1251 5076 est;
1268 5024 1317 5066 nec
1329 5008 1417 5063 unius
1439 5003 1568 5068 bominis,
1583 4997 1633 5055 scd
1653 4995 1725 5067 quud
1744 5004 1789 5055 cat

1002 5110 1118 5179 grauius,
1140 5114 1179 5160 tot
1194 5102 1373 5163 dominorum,
1397 5102 1462 5167 guot
1481 5092 1615 5149 vitiorum.
1634 5088 1678 5192 lic·
1690 5085 1804 5192 (ιιιίιιιιςζ

1003 5201 1075 5255 sitiis
1086 5213 1146 5254 cum
1160 5203 1251 5266 ageret
1263 5192 1398 5262 Scriptura
1418 5184 1553 5250 diviona
1571 5197 1621 5255 pao
1637 5195 1704 5235 enam
1719 5193 1788 5251 pata.

197 5038 317 5109 gernon,

196 5153 255 5210 iam
270 5155 359 5235 itaque
376 5152 515 5209 uideamus
527 5152 605 5224 quale
624 5151 670 5219 sit,
692 5150 761 5223 orrod
774 5158 874 5209 tantam
889 5152 949 5208 lati-

165 5244 281 5301 tudinem
301 5258 340 5298 ac.
357 5243 556 5299 diuturnitatem
577 5242 680 5312 imperii
703 5239 814 5295 Rostrani
836 5240 887 5295 illis
899 5240 951 5300 diis

162 5339 261 5394 audent
279 5337 395 5392 tribuere
412 5354 419 5389 :
434 5350 501 5406 quos
522 5335 601 5391 etiam
623 5348 674 5405 per
695 5332 809 5404 turpium
828 5332 950 5388 ludorum

149 5444 153 5453 '
194 5444 434 5506 arduennense
448 5452 642 5501 ussmnccne.

193 5506 448 5582 ¹codiuesuss.,cllo
459 5503 950 5591 marmanum-'stcussrssuetsda'ue
1199 5549 1204 5560 ,
1300 5546 1324 5558 ,,
1609 5571 1616 5586 ⁸

163 5567 486 5683 “ii-'ididdald
494 5565 950 5692 Wfflladnmm.
1002 5555 1243 5669 „islense
1257 5532 1803 5670 elleftmlmtc‘mbm

163 5648 250 5745 ιιιιιιιῗ
412 5664 435 5764 .’
478 5718 482 5725 ,
1003 5673 1321 5761 retamidestacguiratur.
1353 5674 1355 5678 '
1483 5739 1490 5751 ·
1648 5674 1652 5679 '

194 5756 232 5817 (o)
243 5764 297 5808 ttac
312 5760 433 5809 sementa
450 5753 475 5803 ln
491 5748 590 5817 apnleto
605 5756 741 5819 reperdur3
757 5758 886 5813 scaptenua
905 5747 949 5798 ml·
1005 5730 1361 5867 &ffimfflt
1369 5727 1489 5796 mul»
1499 5715 1792 5824 mm

1003 5291 1097 5363 iniquit,
1109 5288 1219 5346 demtos
1228 5294 1276 5349 cat,
1287 5281 1344 5337 ltct'c
1354 5288 1379 5335 ct
1395 5272 1605 5335 meridiem
1614 5279 1651 5327 eat
1662 5264 1789 5341 (lidan.

1003 5399 1031 5445 n,
1044 5381 1100 5450 tu).
1776 5363 1785 5383 '
