3900 6390
205 266 270 327 .tt

237 384 314 446 didit,
338 387 416 456 regit.
429 387 481 443 Sed
494 389 618 459 quoniam
633 398 659 444 et
670 389 720 459 ipsi
735 390 760 445 in
781 391 835 446 illis
853 407 912 462 quae
939 401 1031 447 cotrtra

237 492 286 533 irus
308 481 444 547 sentiunt,
466 480 607 536 relctlendi
627 491 707 547 sunt;
740 480 835 538 deesse
858 482 921 538 btric
940 482 1029 538 oibcio

236 584 292 624 nnn
312 562 459 627 debemus:
477 572 640 627 utrelutrtis
661 573 749 642 impiis
773 573 1027 629 contradictionibus

235 666 288 734 'pro
302 648 413 727 viribus,
434 676 500 734 quas
521 664 592 719 bcus
615 664 766 734 impertiet,
794 679 945 720 asseramus
964 666 1027 719 ciri-

779 271 821 336 [ιιι
841 269 998 336 mturare
1019 278 1085 347 but,
1106 282 1134 340 s.
1156 273 1336 342 abuusrtttt

1837 292 1872 350 tt

1083 404 1163 449 tatem
1175 396 1223 451 bei
1235 438 1243 461 ,
1256 413 1401 468 rerumque
1423 399 1568 468 pietatem,
1595 410 1623 456 et
1634 401 1683 458 bei
1697 402 1818 474 cultum,
1843 408 1869 463 in

1081 500 1134 555 quo
1146 502 1198 543 uno
1217 491 1348 545 veraciter
1366 492 1527 561 setnpltcrua
1542 493 1681 551 beatitudo
1692 498 1868 567 promittitur.

1076 577 1127 633 ilic
1140 581 1230 649 itaque
1249 582 1343 637 mndns
1361 584 1396 637 sit
1419 583 1499 654 btrjus
1512 585 1672 654 uoluminis,
1699 597 1729 646 ut
1740 589 1870 662 deinceps

1074 666 1204 738 disputan
1219 671 1253 724 ab
1266 672 1319 725 alin
1331 687 1467 728 srtmnmns
1475 675 1595 730 exordio.

707 922 943 1042 LIBER
995 934 1406 1047 SECUNDUS.

229 1130 258 1185 ln
270 1146 319 1200 quo
330 1134 494 1200 disputatione
506 1139 615 1190 instituta
626 1141 658 1190 de
666 1138 738 1190 mdis
748 1149 804 1204 que
813 1139 1009 1199 antechristum,
1020 1141 1121 1203 rigente
1132 1141 1235 1192 deorum
1245 1143 1359 1195 salsarum
1369 1144 1447 1208 cultu,
1459 1151 1570 1212 perpessi
1580 1157 1638 1200 sunt
1648 1158 1752 1209 nomam,
1761 1153 1861 1203 detrun

260 1205 350 1248 stram
361 1200 464 1272 primum
475 1213 521 1250 eos
532 1213 626 1250 morum
642 1202 711 1252 malis
723 1209 749 1253 et
760 1205 833 1253 antnu
844 1203 917 1262 maiis,
929 1213 983 1265 qnae
1000 1200 1113 1253 malerei
1126 1203 1176 1254 sub
1188 1205 1229 1255 rel
1248 1209 1352 1258 auriana
1362 1208 1502 1271 deputanda
1513 1218 1579 1273 suut,
1591 1211 1725 1264 cumulatus
1733 1227 1853 1279 procurm

260 1261 325 1311 tibus
334 1259 382 1312 dits
392 1260 467 1324 labis,
478 1262 568 1312 nedum
580 1262 696 1314 liberatus
705 1263 791 1315 tuisse.

953 1409 1136 1466 *widi*

225 1546 341 1607 caret
357 1546 500 1605 Patebat.
516 1577 551 1609 -,-
564 1547 603 1602 De
617 1548 702 1615 modo,
716 1550 760 1618 qui
772 1549 914 1604 accantati
926 1548 1016 1620 dispu-

457 1641 560 1696 tationis
572 1641 729 1697 udbiiettdttt
741 1650 788 1696 eat.

262 1752 292 1807 Si
315 1751 413 1807 rationi
435 1752 583 1822 perspicuae
609 1751 731 1808 veritatis
755 1751 1016 1808 infirmusbumanae

229 1840 431 1898 mnsttotudinls
449 1854 544 1897 sensus
559 1856 612 1897 non
626 1842 739 1898 auderet
750 1843 891 1908 obsistere,
906 1843 952 1898 sed
966 1841 1016 1897 do·

209 1934 320 2010 jetrlnte
333 1932 434 1988 salubri
458 1932 612 2003 lataquorem
630 1947 708 1989 strum
728 1942 856 2004 tanquam
876 1932 1015 1987 medicinae

226 2021 363 2088 subderet,
381 2022 469 2078 donec
482 2022 574 2078 divino
593 2021 725 2094 adjutorio
742 2022 795 2078 lide
809 2022 915 2093 pietatis
928 2021 1014 2091 impe-

224 2124 313 2170 trante
324 2124 484 2180 sanaretur;
499 2130 552 2170 non
567 2114 652 2168 nanltn
673 2129 798 2169 sermone
812 2128 879 2183 opus
893 2121 967 2170 esset
980 2111 1014 2167 ad

224 2204 437 2260 currineendum
448 2203 596 2275 quemlibet
605 2206 681 2260 ranae
690 2203 851 2276 opinationis
862 2205 870 2236 ¹
882 2217 1012 2268 errorent,

226 2297 269 2352 bis
282 2296 327 2368 qui
341 2305 414 2353 recte
427 2297 557 2362 sentiunt,
579 2305 606 2352 et
616 2311 696 2353 sensa
712 2296 801 2353 verbis
819 2294 1014 2351 sufficientibus

227 2388 370 2458 explicant.
391 2388 467 2444 Nurac
481 2403 545 2445 reru
557 2389 681 2459 quoniam
703 2388 749 2447 ille
762 2396 804 2445 est
818 2389 904 2460 major
925 2397 953 2444 et
974 2398 1013 2443 te-

214 2477 312 2534 ·tt¹lnr¹
327 2479 510 2549 insipientium
535 2479 645 2535 morbus
663 2480 835 2547 animorum,
854 2494 907 2551 quo
919 2480 1011 2534 irratio

222 2574 326 2630 nabiles
339 2582 428 2629 motus
444 2589 518 2640 suns,
533 2575 686 2644 etiam'pos't
702 2575 832 2630 rationem
848 2575 926 2644 plene
949 2574 1011 2629 red-

221 2664 318 2730 ditam,
334 2674 433 2735 quanta
449 2665 549 2720 bomini
562 2664 596 2719 ab
606 2664 714 2721 bomine
726 2663 848 2732 debetur,
859 2667 916 2721 sire
928 2664 1010 2720 aintia

221 2752 360 2822 raucitate,
376 2770 428 2826 qua
442 2769 494 2810 nec
506 2760 598 2826 aperta
613 2764 771 2822 comuntur,
786 2756 843 2810 sire
854 2754 1008 2809 obstinatis-

222 2846 291 2900 sinna
307 2845 464 2915 pervicacia,
480 2848 531 2916 qua
557 2853 584 2899 et
596 2859 627 2900 ea
642 2859 703 2915 qnae
717 2851 862 2900 cernuntur
875 2887 882 2910 ,
897 2859 951 2898 non
970 2841 1010 2898 ie·

220 2938 465 3008 rurttur,*tanquam
489 2937 574 3006 ipsam
593 2936 724 2993 rationem
745 2937 940 3007 ‘veritatemque
959 2935 1007 2990 dc·

219 3027 331 3087 le'udnnt
345 3045 353 3082 a
369 3026 398 3083 dt
419 3028 566 3083 necessitas
583 3027 718 3097 copiosius
731 3026 835 3083 dicendi
849 3026 1007 3099 plerumque

217 3134 262 3177 res
275 3119 373 3185 cbtras,
387 3116 461 3174 reiut
471 3131 518 3174 eas
532 3133 585 3173 non
599 3118 781 3189 spectantibus
791 3117 943 3186 intuendas,
959 3117 1006 3173 sed

217 3209 415 3285 quodammodo
442 3209 589 3281 tattgendas
608 3209 778 3283 palpantibus
793 3220 821 3268 et
838 3210 1008 3268 continenti--

216 3303 266 3362 bus
280 3303 434 3359 oderamus.
447 3301 483 3357 Et
505 3310 593 3358 umen
614 3303 675 3374 quis
687 3303 853 3375 disceptandi
871 3303 933 3360 utus
955 3303 1006 3359 erit

216 3406 243 3452 et
252 3395 384 3466 'loquendi
405 3392 516 3460 arodus,
532 3395 554 3448 si
569 3395 785 3466 respondendum
807 3411 868 3452 esse
894 3411 1006 3467 respon·

215 3484 340 3542 dentibus
360 3498 468 3554 semper
494 3482 699 3541 existimemus?
722 3485 789 3540 Nam
815 3486 861 3557 qni
885 3488 925 3543 tel
949 3502 1003 3543 non

215 3583 328 3648 possunt
342 3573 491 3645 intelligere
508 3574 579 3645 quod
594 3574 712 3642 dicitur,
734 3576 777 3631 vel
795 3587 849 3632 urm
864 3577 923 3632 duri
942 3590 1005 3633 suist

214 3664 376 3723 adversitate
387 3665 493 3730 meritis,
505 3673 545 3732 ut,
556 3665 660 3721 etiamsi
671 3666 863 3734 intellexerint,
873 3683 927 3724 non
939 3670 1004 3726 obe-

215 3760 308 3825 cbant;
323 3760 497 3830 respondent,
510 3761 675 3831 utseriptum
689 3769 741 3828 est,
756 3771 784 3819 et
796 3762 940 3834 loquuntur
953 3765 1003 3819 ini-

213 3850 340 3923 quitatem
355 3849 446 3925 (Pani.
474 3866 548 3920 actu,
561 3854 610 3925 d),
627 3863 706 3924 atque
726 3851 925 3926 infatigabiliter
943 3857 1002 3910 rani

213 3946 418 4015 santonorum
433 3944 502 4001 dicta
521 3947 655 4001 currtraria
669 3947 691 4001 si
705 3947 783 4002 toties
799 3947 912 4003 uelimus
924 3948 1003 4004 telel-

216 4037 283 4105 lc'rc,
297 4036 403 4109 quinties
416 4037 514 4092 obnixa
536 4035 626 4092 irotite
648 4039 788 4116 statuerint
812 4055 864 4095 tion
884 4040 1002 4095 curare⁸

214 4127 276 4199 quid
288 4127 389 4194 dicant,
410 4127 474 4183 dum
487 4143 655 4199 quocumque
674 4129 753 4184 modu
767 4132 865 4184 nostris
884 4129 1003 4200 disputa·¹

213 4219 331 4274 tionibus
345 4217 548 4283 corrtradicant;
561 4220 687 4290 quamsit
703 4219 847 4288 inllnitum,
862 4233 890 4278 et
905 4239 1002 4279 aarum·
1035 4286 1037 4290 Α

214 4324 320 4377 nusum,
336 4320 362 4366 et
378 4308 584 4378 infructuosum,
600 4311 685 4368 rides.
710 4313 888 4381 Quamobrem
905 4328 953 4371 uec
975 4326 1002 4370 te

143 4386 145 4393 ’
212 4402 310 4471 ipsum,
327 4402 362 4456 mr
375 4402 410 4457 tn
425 4400 589 4467 parcenao,
605 4404 744 4472 necatus,
759 4406 856 4476 quirius
869 4406 913 4461 nn
926 4407 1002 4463 tanos

215 4502 305 4550 noster
317 4494 344 4548 in
358 4492 460 4550 Christi
473 4493 606 4549 cltaritate
620 4495 721 4550 utiliter
738 4509 769 4551 ac
787 4497 934 4552 liberaliter
945 4513 1001 4553 scr-

214 4587 263 4656 rit,
277 4586 354 4642 ‘tales
377 4592 498 4642 meorum
522 4587 684 4656 scriptarum
710 4588 789 4643 relim
814 4589 939 4659 judices,
955 4591 1000 4661 qui

215 4677 420 4751 responsionem
436 4693 544 4748 semper
559 4679 731 4745 desiderent,
749 4682 865 4735 cumbis
883 4696 943 4752 que
962 4683 1000 4737 le·

211 4778 320 4840 quatur,
336 4768 473 4824 erudierint
481 4769 581 4841 aliquid
595 4770 741 4826 eontradici
754 4789 762 4838 ;
778 4787 810 4828 ne
825 4774 887 4826 liam
901 4773 1001 4828 similes

211 4876 304 4917 earum
326 4862 562 4928 muliercularum,
585 4878 652 4933 quas
679 4873 872 4920 commemorat
885 4866 1001 4937 sposto-

211 4948 263 5014 lus,
275 4967 372 5023 seniper
383 4950 518 5020 discentes,
530 4965 553 5008 et
563 4955 598 5007 ud
608 4955 718 5010 ueritatis
730 4956 860 5011 scientiam
872 4974 1000 5028 eruitquunt

212 5041 381 5110 pertenienter
396 5043 429 5115 (ll
442 5042 508 5099 Tine
525 5061 562 5112 tu,
576 5045 615 5117 7).

228 5150 341 5208 CAPUT
362 5153 392 5208 ll.
407 5185 444 5197 -
454 5154 492 5211 De
504 5157 544 5212 ltir
561 5158 711 5228 preprium
728 5159 854 5214 uolumine
867 5163 982 5231 expeditu

575 5257 642 5302 miti.

246 5358 393 5429 Superiore
408 5359 496 5428 itaque
510 5358 588 5423 libro,
604 5375 664 5414 curn
685 5361 837 5417 decivitate
853 5362 900 5417 Ilei
913 5363 1001 5419 dicere

245 5513 253 5544 ¹
268 5517 305 5560 ter.
318 5519 345 5562 et
355 5508 465 5560 nonnulli
476 5512 642 5573 manuscripti,
653 5511 778 5576 opnnonis.
788 5541 819 5552 ·-
829 5517 865 5565 sic
875 5517 949 5567 etiam
960 5525 1000 5567 its.

210 5571 375 5684 ”inuidit
387 5640 451 5693 etse,
462 5632 578 5685 emer.

244 5698 365 5747 ³veteres
374 5695 437 5750 libri.
449 5707 495 5746 non
506 5693 621 5754 resume.
630 5697 701 5747 -sie
714 5699 789 5749 etiarn
798 5705 838 5750 tts.
852 5699 906 5752 rus.
940 5707 968 5751 tt.

1071 1553 1264 1622 instituissem,
1294 1559 1364 1616 unde
1379 1561 1430 1616 boc
1445 1563 1598 1619 universum
1622 1579 1702 1635 opus,
1722 1566 1770 1622 illo
1784 1566 1862 1637 adju·

1069 1655 1159 1713 rante,
1173 1647 1199 1703 in
1213 1664 1308 1705 manus
1317 1662 1452 1722 sttntptuna
1467 1663 1526 1721 est;
1540 1657 1658 1711 occurrit
1670 1658 1732 1712 milii
1748 1673 1846 1728 respon

1069 1735 1184 1793 tiendum
1198 1740 1206 1772 ¹
1222 1754 1283 1796 esse
1308 1744 1429 1812 primitus
1454 1747 1559 1816 eisqui
1583 1746 1642 1804 bec
1666 1749 1746 1816 bella,
1762 1749 1860 1819 quibus

1069 1830 1184 1888 manardus
1198 1833 1247 1888 iste
1265 1836 1423 1900 conteritur,
1448 1838 1760 1910 maximeque‘llumuuoe
1785 1842 1861 1898 urbis

1068 1931 1203 1979 recentem
1229 1940 1244 1979 a
1272 1926 1395 1983 barbaris
1418 1931 1592 1986 uastationem
1614 1931 1767 1989 christiana
1792 1936 1858 1990 reli-

1066 2011 1139 2082 gioni
1155 2014 1294 2082 tribuunt,
1309 2032 1361 2087 qna
1384 2019 1561 2088 probibentur
1577 2023 1700 2078 nciandis
1717 2025 1858 2081 sacriticiis

1066 2106 1166 2160 servire
1180 2105 1345 2164 dementibus
1360 2127 1368 2164 r
1383 2125 1443 2167 cum
1457 2114 1545 2184 potius
1556 2113 1606 2170 boc
1617 2115 1746 2172 deberent
1757 2117 1859 2175 tribue³

1067 2213 1097 2253 re
1110 2197 1229 2267 Christo,
1244 2201 1437 2274 qued-propter
1446 2203 1505 2275 ejus
1517 2221 1627 2274 nomen,
1642 2218 1736 2264 cetura
1751 2209 1857 2265 turtinis

1070 2297 1126 2342 turn
1141 2301 1297 2362 nteremque
1307 2293 1448 2359 bellorum,
1462 2296 1512 2361 cis,
1525 2310 1578 2366 quo
1590 2297 1774 2369 curtiugerent,
1789 2301 1856 2356 reli·

1064 2382 1137 2454 piosa
1151 2392 1178 2439 et
1191 2385 1354 2454 amplissima
1369 2386 1427 2442 loca
1443 2388 1552 2443 Barbari
1563 2390 1646 2446 libera
1662 2391 1853 2460 prebuerunt:

1064 2483 1143 2545 atque
1157 2476 1183 2529 in
1199 2476 1289 2532 multis
1299 2477 1452 2533 tantulaturu
1467 2480 1584 2536 deditum
1598 2483 1608 2514 ¹
1624 2482 1731 2537 cbristo
1742 2499 1795 2540 nnn
1810 2500 1855 2540 so·

1063 2563 1118 2619 lunt
1133 2581 1235 2632 rerum,
1249 2569 1391 2624 sedetiam
1407 2571 1504 2627 timore
1517 2573 1659 2628 contienm
1672 2575 1713 2630 sic
1735 2576 1854 2632 lionam·

1064 2665 1167 2720 rerunt,
1182 2665 1210 2710 ut
1223 2659 1293 2727 quud
1316 2659 1343 2713 in
1356 2675 1403 2715 eus
1430 2661 1492 2717 belli
1504 2664 1564 2732 jure
1576 2664 1634 2719 lieri
1646 2664 1783 2735 licuisset,
1799 2667 1852 2723 illi-

1061 2748 1143 2804 cltum
1156 2750 1206 2806 sibi
1221 2766 1281 2807 esse
1296 2752 1458 2822 judicarent<
1468 2754 1532 2811 lnde
1545 2756 1637 2812 incidit
1647 2759 1780 2828 questio,
1803 2774 1852 2815 cur

1055 2838 1118 2895 ‘baec
1132 2840 1219 2896 diuina
1243 2842 1374 2900 beneficia
1397 2846 1477 2901 etiam
1500 2847 1533 2902 ad
1559 2849 1654 2918 impios
1676 2850 1851 2928 ingratusque

1060 2933 1246 3002 perveneriut;
1262 2944 1289 2990 et
1309 2951 1358 2993 cur
1372 2936 1416 2993 illa
1432 2938 1522 2993 itidem
1537 2939 1615 3004 dura,
1637 2955 1698 3010 quae
1710 2941 1846 2998 hostiliter

1059 3022 1212 3093 factasunt,
1232 3027 1363 3096 plescum
1376 3029 1465 3100 impiis
1479 3031 1579 3100 pariter
1589 3030 1742 3087 afflixerint.
1762 3033 1848 3103 Quam

1058 3116 1235 3185 quaestionem
1259 3133 1307 3188 per
1324 3118 1405 3174 multa
1429 3118 1552 3174 diffusam
1568 3121 1614 3190 (in
1627 3121 1753 3178 omnibus
1775 3125 1847 3179 enirn

1058 3209 1217 3282 quotidianis
1225 3211 1269 3266 rel
1284 3212 1328 3268 bei
1339 3213 1494 3268 muneribus
1508 3215 1551 3269 vel
1566 3213 1702 3269 bominum
1715 3216 1850 3284 cladibus,

1057 3313 1169 3370 quorum
1185 3310 1297 3370 utraque
1318 3302 1387 3359 berte
1401 3318 1433 3358 ac
1456 3304 1526 3359 male
1540 3304 1690 3360 virentibus
1712 3307 1843 3376 permitte

1056 3399 1135 3461 atque
1148 3392 1290 3448 indiscrete
1302 3407 1374 3465 sape
1388 3395 1530 3462 accidunt,
1552 3396 1642 3452 soiet⁸
1665 3399 1764 3454 ntultos
1786 3415 1848 3455 ιιιο-Ἰ

1057 3480 1139 3550 rere)
1163 3490 1193 3536 nt
1217 3496 1266 3551 pro
1286 3483 1404 3554 suscepti
1428 3485 1517 3555 operis
1537 3489 1697 3542 necessitate
1712 3486 1846 3546 dissolue-

1055 3588 1124 3639 rem,
1138 3575 1300 3644 aliquantum
1312 3575 1468 3631 immoratus
1482 3592 1560 3642 sum:
1576 3580 1690 3633 maxime
1701 3580 1735 3635 ad
1750 3595 1849 3655 cornua

1055 3664 1148 3721 landas
1163 3675 1269 3722 sanctas
1289 3665 1402 3723 seminas
1425 3678 1450 3724 et
1475 3670 1519 3739 pie
1533 3681 1642 3736 castas,
1657 3670 1796 3743 inquibus
1812 3674 1847 3731 ali

1055 3755 1133 3812 bnste
1148 3757 1249 3827 aliquid
1263 3767 1441 3828 perpetratum
1455 3768 1508 3826 est,
1526 3759 1596 3830 qund
1612 3760 1702 3816 intulit
1715 3777 1847 3818 uerecun-

1056 3847 1106 3904 diae
1121 3847 1252 3914 dolerem,
1264 3850 1314 3905 etsi
1337 3866 1392 3904 non
1404 3851 1514 3906 abstttlit
1526 3852 1659 3922 pudicitiae
1674 3853 1826 3910 iirtbitatsrn
1836 3873 1847 3921 ;·

1054 3954 1089 3995 ne
1101 3942 1226 4010 poeniteat
1239 3956 1286 3998 eas
1299 3944 1369 4008 vitra,
1384 3958 1452 4012 quas
1465 3941 1476 3973 ⁸
1491 3958 1544 3998 non
1555 3953 1597 3998 est
1607 3943 1677 3999 unde
1695 3946 1779 4014 possit
1789 3961 1846 4016 poe-

1054 4031 1141 4087 nitere
1155 4033 1289 4102 neqnitian.
1304 4033 1406 4088 Deinde
1421 4045 1502 4100 pauca
1526 4032 1580 4088 dial
1605 4035 1630 4088 in
1645 4050 1692 4089 ctis
1706 4036 1750 4105 qui
1766 4036 1844 4092 Clari-

1054 4125 1157 4179 stianos
1171 4126 1291 4180 aduersis
1310 4126 1361 4180 illis
1375 4126 1454 4181 rebus
1478 4124 1596 4191 allectus,
1611 4134 1639 4180 ct
1649 4127 1783 4198 praecipue
1796 4143 1845 4199 pu-

1054 4215 1146 4272 dorem
1162 4216 1358 4271 bumiliatarum
1384 4216 1552 4282 feminamm,
1575 4219 1696 4287 quantris
1709 4229 1846 4275 castarum

1053 4322 1133 4382 atquc
1152 4319 1322 4375 stricturum,
1343 4312 1514 4381 protervitate
1538 4311 1770 4382 impudentissima
1782 4328 1845 4368 exa·

1052 4404 1148 4475 girant,
1161 4419 1220 4458 cum
1232 4404 1285 4458 sint
1298 4405 1452 4475 nequissimi
1465 4414 1492 4460 et
1505 4406 1750 4471 irreverentissimi,
1766 4407 1846 4480 lortge

1053 4495 1087 4551 ab
1104 4496 1143 4550 cis
1157 4496 1220 4564 ipsis
1243 4495 1370 4551 lionimis
1387 4495 1553 4566 degeneres,
1576 4513 1689 4567 quorum
1713 4498 1842 4566 preclara

1053 4588 1140 4642 multa
1156 4587 1297 4642 laudantur
1310 4596 1337 4642 et
1350 4587 1497 4642 litterarum
1512 4588 1640 4642 memoria
1661 4587 1842 4651 celebrantur,

1053 4680 1108 4735 itnn
1131 4680 1236 4734 illorum
1268 4679 1359 4752 glorie
1385 4678 1558 4734 uehementer
1583 4678 1698 4734 adversi.
1729 4677 1843 4733 Rotnani

1052 4773 1149 4843 quippe
1167 4781 1270 4843 partam
1283 4768 1294 4802 ⁸
1306 4780 1425 4826 ueterum
1446 4778 1605 4840 auctamque
1631 4770 1774 4835 laboribus,
1792 4769 1845 4824 [ιιι-

1052 4863 1154 4917 diorent
1170 4872 1284 4917 satutem
1298 4860 1418 4916 lecerunt
1431 4876 1510 4929 quam
1521 4870 1660 4916 ruentem:
1674 4861 1843 4933 quandoqui-

1052 4954 1115 5010 dem
1130 4955 1155 5008 in
1168 4956 1244 5009 ruina
1259 4955 1321 5023 ejus
1332 4951 1435 5023 lapides
1447 4962 1475 5008 et
1489 4952 1571 5023 ligna,
1588 4952 1615 5008 in
1628 4953 1740 5009 istorum
1753 4965 1842 5009 autern

1067 5150 1132 5259 &qm
1154 5149 1278 5212 plerisque
1307 5157 1379 5208 ntes,
1405 5148 1573 5200 resistendum.
1593 5176 1624 5186 -
1652 5151 1689 5201 sie
1708 5152 1782 5202 etiarn
1794 5157 1843 5204 ⁴tis.

1052 5211 1066 5259 7
1101 5246 1106 5257 .
1140 5220 1166 5259 at.

1084 5273 1141 5322 ’sic
1149 5272 1264 5323 meliores
1274 5273 1439 5334 manuscripti.
1453 5279 1480 5321 nt
1493 5273 1561 5333 editi,
1571 5271 1686 5324 debitunt.

1085 5334 1144 5382 Ἢ.
1157 5341 1184 5383 ut
1194 5341 1259 5391 ier..
1271 5333 1353 5383 saleru.
1368 5334 1452 5384 bellus
1464 5333 1530 5383 t'iad.
1548 5345 1598 5384 nm.
1620 5344 1646 5384 et
1667 5333 1759 5397 aliquot
1778 5341 1842 5393 tiss,

1052 5393 1110 5446 wtet
1121 5407 1130 5444 .·
1142 5395 1252 5453 subaudi,
1264 5394 1363 5466 questro
1372 5394 1424 5453 illu,
1436 5408 1517 5459 quam,
1527 5409 1570 5460 per
1583 5395 1659 5445 nube
1673 5395 1795 5458 diffusum,
1805 5399 1843 5448 di·

1053 5456 1379 5514 dt.-btss.nostu,cnlent.
1412 5464 1441 5505 tt.

1084 5520 1143 5567 ier.
1158 5528 1183 5568 et
1191 5525 1255 5577 tor,
1267 5518 1332 5580 opud
1340 5531 1407 5581 quus.
1420 5527 1470 5568 bun
1479 5531 1541 5582 opus
1549 5526 1602 5569 erat
1611 5518 1701 5568 addere
1709 5518 1842 5583 bie'npnd,

951 5631 953 5635 ,
1053 5579 1251 5642 quouacateris
1261 5576 1329 5628 libris
1339 5581 1418 5630 abest.

1059 5699 1062 5702 ,
1085 5643 1173 5700 lter„
1182 5655 1241 5691 mira
1251 5650 1354 5704 putee.
1365 5644 1421 5692 tina
1450 5649 1499 5691 am.
1510 5650 1535 5691 et
1546 5648 1593 5700 tir,
1607 5653 1668 5692 curu
1677 5647 1803 5693 muctam.
1822 5653 1842 5693 u

1052 5709 1105 5754 tiss.
1117 5710 1255 5755 eorummet
1265 5702 1355 5754 babeat
1375 5704 1485 5755 uariunt·
1498 5711 1524 5754 et
1533 5711 1618 5754 urent
1628 5715 1698 5763 rece.
1710 5714 1779 5754 utro.
