<?xml version="1.0" encoding="UTF-8"?>
<!DOCTYPE html PUBLIC "-//W3C//DTD XHTML 1.0 Transitional//EN"
    "http://www.w3.org/TR/xhtml1/DTD/xhtml1-transitional.dtd">
<html xmlns="http://www.w3.org/1999/xhtml" xml:lang="en" lang="en">
 <head>
  <title>
</title>
<meta http-equiv="Content-Type" content="text/html;charset=utf-8" />
  <meta name='ocr-system' content='tesseract 3.04.00' />
  <meta name='ocr-capabilities' content='ocr_page ocr_carea ocr_par ocr_line ocrx_word'/>
</head>
<body>
  <div class='ocr_page' id='page_1' title='image "./sanctiaureliiau04augugoog_0255.png"; bbox 0 0 3900 6390; ppageno 0'>
   <div class='ocr_carea' id='block_1_1' title="bbox 155 346 206 402">
    <p class='ocr_par' dir='ltr' id='par_1_1' title="bbox 155 346 206 402">
     <span class='ocr_line' id='line_1_1' title="bbox 155 346 206 402; baseline -0.039 -1"><span class='ocrx_word' id='word_1_1' title='bbox 155 346 206 402; x_wconf 65' lang='grc'>693</span> 
     </span>
    </p>
   </div>
   <div class='ocr_carea' id='block_1_2' title="bbox 750 330 1176 388">
    <p class='ocr_par' dir='ltr' id='par_1_2' title="bbox 750 330 1176 388">
     <span class='ocr_line' id='line_1_2' title="bbox 750 330 1176 388; baseline -0.005 -2"><span class='ocrx_word' id='word_1_2' title='bbox 750 333 849 388; x_wconf 75' lang='lat' dir='ltr'>ethan</span> <span class='ocrx_word' id='word_1_3' title='bbox 871 331 1016 388; x_wconf 77' lang='lat' dir='ltr'>necibus</span> <span class='ocrx_word' id='word_1_4' title='bbox 1031 330 1176 386; x_wconf 78' lang='lat' dir='ltr'>SEXTUS.</span> 
     </span>
    </p>
   </div>
   <div class='ocr_carea' id='block_1_3' title="bbox 1721 334 1773 389">
    <p class='ocr_par' dir='ltr' id='par_1_3' title="bbox 1721 334 1773 389">
     <span class='ocr_line' id='line_1_3' title="bbox 1721 334 1773 389; baseline -0.038 0"><span class='ocrx_word' id='word_1_5' title='bbox 1721 334 1773 389; x_wconf 75' lang='lat' dir='ltr'>ibi</span> 
     </span>
    </p>
   </div>
   <div class='ocr_carea' id='block_1_4' title="bbox 153 447 1784 529">
    <p class='ocr_par' dir='ltr' id='par_1_4' title="bbox 153 447 1784 529">
     <span class='ocr_line' id='line_1_4' title="bbox 153 447 1784 529; baseline -0.009 -18"><span class='ocrx_word' id='word_1_6' title='bbox 153 461 263 529; x_wconf 77' lang='lat' dir='ltr'>rationes</span> <span class='ocrx_word' id='word_1_7' title='bbox 288 455 388 509; x_wconf 79' lang='lat' dir='ltr'>Tharoe.</span> <span class='ocrx_word' id='word_1_8' title='bbox 412 455 498 507; x_wconf 79' lang='lat' dir='ltr'>Thena</span> <span class='ocrx_word' id='word_1_9' title='bbox 524 453 606 523; x_wconf 78' lang='lat' dir='ltr'>pertint</span> <span class='ocrx_word' id='word_1_10' title='bbox 630 451 722 502; x_wconf 84' lang='lat' dir='ltr'>dhrarn</span> <span class='ocrx_word' id='word_1_11' title='bbox 743 459 765 500; x_wconf 89' lang='grc' dir='ltr'>ιι</span> <span class='ocrx_word' id='word_1_12' title='bbox 788 447 892 500; x_wconf 82' lang='lat' dir='ltr'>Nochor</span> <span class='ocrx_word' id='word_1_13' title='bbox 912 454 934 498; x_wconf 88' lang='grc' dir='ltr'>ιι</span> <span class='ocrx_word' id='word_1_14' title='bbox 984 449 1099 517; x_wconf 79' lang='lat' dir='ltr'>jecerunt</span> <span class='ocrx_word' id='word_1_15' title='bbox 1113 464 1154 501; x_wconf 83' lang='lat' dir='ltr'>eut</span> <span class='ocrx_word' id='word_1_16' title='bbox 1166 464 1181 499; x_wconf 93' lang='lat' dir='ltr'>a</span> <span class='ocrx_word' id='word_1_17' title='bbox 1192 448 1256 515; x_wconf 77' lang='lat' dir='ltr'>[acie</span> <span class='ocrx_word' id='word_1_18' title='bbox 1269 448 1370 502; x_wconf 79' lang='lat' dir='ltr'>deornm</span> <span class='ocrx_word' id='word_1_19' title='bbox 1384 466 1494 512; x_wconf 84' lang='lat' dir='ltr'>moram,</span> <span class='ocrx_word' id='word_1_20' title='bbox 1512 460 1534 502; x_wconf 85' lang='lat' dir='ltr'>et</span> <span class='ocrx_word' id='word_1_21' title='bbox 1546 453 1662 520; x_wconf 73' lang='lat' dir='ltr'>fugerant</span> <span class='ocrx_word' id='word_1_22' title='bbox 1675 451 1700 503; x_wconf 92' lang='lat' dir='ltr'>in</span> <span class='ocrx_word' id='word_1_23' title='bbox 1716 451 1784 505; x_wconf 50' lang='lat' dir='ltr'>die.¹</span> 
     </span>
    </p>
   </div>
   <div class='ocr_carea' id='block_1_5' title="bbox 155 540 938 617">
    <p class='ocr_par' dir='ltr' id='par_1_5' title="bbox 155 540 938 617">
     <span class='ocr_line' id='line_1_5' title="bbox 155 540 938 617; baseline -0.018 -14"><span class='ocrx_word' id='word_1_24' title='bbox 155 550 223 603; x_wconf 78' lang='lat' dir='ltr'>Aron</span> <span class='ocrx_word' id='word_1_25' title='bbox 238 564 247 602; x_wconf 91' lang='lat'>:</span> <span class='ocrx_word' id='word_1_26' title='bbox 262 558 285 600; x_wconf 89' lang='lat' dir='ltr'>et</span> <span class='ocrx_word' id='word_1_27' title='bbox 299 549 368 600; x_wconf 82' lang='lat' dir='ltr'>dron</span> <span class='ocrx_word' id='word_1_28' title='bbox 379 547 464 617; x_wconf 79' lang='lat' dir='ltr'>gennit</span> <span class='ocrx_word' id='word_1_29' title='bbox 476 544 533 598; x_wconf 84' lang='lat' dir='ltr'>Lot.</span> <span class='ocrx_word' id='word_1_30' title='bbox 550 542 583 596; x_wconf 84' lang='lat' dir='ltr'>Et</span> <span class='ocrx_word' id='word_1_31' title='bbox 597 553 711 594; x_wconf 81' lang='lat' dir='ltr'>rnortrras</span> <span class='ocrx_word' id='word_1_32' title='bbox 723 551 757 593; x_wconf 85' lang='lat' dir='ltr'>est</span> <span class='ocrx_word' id='word_1_33' title='bbox 770 540 839 592; x_wconf 80' lang='lat' dir='ltr'>Aron</span> <span class='ocrx_word' id='word_1_34' title='bbox 853 553 938 591; x_wconf 87' lang='lat' dir='ltr'>coram</span> 
     </span>
    </p>
   </div>
   <div class='ocr_carea' id='block_1_6' title="bbox 156 629 967 709">
    <p class='ocr_par' dir='ltr' id='par_1_6' title="bbox 156 629 967 709">
     <span class='ocr_line' id='line_1_6' title="bbox 156 629 967 709; baseline -0.012 -19"><span class='ocrx_word' id='word_1_35' title='bbox 156 638 240 692; x_wconf 79' lang='lat' dir='ltr'>Thura</span> <span class='ocrx_word' id='word_1_36' title='bbox 255 648 326 709; x_wconf 87' lang='lat' dir='ltr'>patre</span> <span class='ocrx_word' id='word_1_37' title='bbox 340 653 388 691; x_wconf 86' lang='lat' dir='ltr'>rato</span> <span class='ocrx_word' id='word_1_38' title='bbox 402 637 429 689; x_wconf 87' lang='lat' dir='ltr'>in</span> <span class='ocrx_word' id='word_1_39' title='bbox 443 646 510 688; x_wconf 84' lang='lat' dir='ltr'>terro</span> <span class='ocrx_word' id='word_1_40' title='bbox 531 634 557 686; x_wconf 86' lang='lat' dir='ltr'>in</span> <span class='ocrx_word' id='word_1_41' title='bbox 578 649 628 701; x_wconf 80' lang='lat' dir='ltr'>qao</span> <span class='ocrx_word' id='word_1_42' title='bbox 642 643 715 684; x_wconf 80' lang='lat' dir='ltr'>notas</span> <span class='ocrx_word' id='word_1_43' title='bbox 730 640 784 692; x_wconf 81' lang='lat' dir='ltr'>est,</span> <span class='ocrx_word' id='word_1_44' title='bbox 800 629 825 682; x_wconf 90' lang='lat' dir='ltr'>in</span> <span class='ocrx_word' id='word_1_45' title='bbox 838 629 939 697; x_wconf 79' lang='lat' dir='ltr'>regione</span> <span class='ocrx_word' id='word_1_46' title='bbox 958 644 967 664; x_wconf 66' lang='lat' dir='ltr'>r</span> 
     </span>
    </p>
   </div>
   <div class='ocr_carea' id='block_1_7' title="bbox 154 716 941 1157">
    <p class='ocr_par' dir='ltr' id='par_1_7' title="bbox 154 716 941 1157">
     <span class='ocr_line' id='line_1_7' title="bbox 155 716 938 820; baseline -0.018 -37"><span class='ocrx_word' id='word_1_47' title='bbox 155 726 341 820; x_wconf 60' lang='lat' dir='ltr'>Cpotdotornm.</span> <span class='ocrx_word' id='word_1_48' title='bbox 369 724 402 779; x_wconf 84' lang='lat' dir='ltr'>Et</span> <span class='ocrx_word' id='word_1_49' title='bbox 431 731 590 794; x_wconf 80' lang='lat' dir='ltr'>sumpserunt</span> <span class='ocrx_word' id='word_1_50' title='bbox 610 721 702 774; x_wconf 79' lang='lat' dir='ltr'>Abram</span> <span class='ocrx_word' id='word_1_51' title='bbox 724 729 747 772; x_wconf 89' lang='grc' dir='ltr'>ιι</span> <span class='ocrx_word' id='word_1_52' title='bbox 770 716 874 771; x_wconf 85' lang='lat' dir='ltr'>Nachor</span> <span class='ocrx_word' id='word_1_53' title='bbox 892 716 938 770; x_wconf 75' lang='lat' dir='ltr'>atti</span> 
     </span>
     <span class='ocr_line' id='line_1_8' title="bbox 157 804 939 873; baseline -0.014 -2"><span class='ocrx_word' id='word_1_54' title='bbox 157 833 248 872; x_wconf 72' lang='lat' dir='ltr'>adoret</span> <span class='ocrx_word' id='word_1_55' title='bbox 262 833 270 872; x_wconf 72' lang='grc' dir='ltr'><em>ε</em></span> <span class='ocrx_word' id='word_1_56' title='bbox 285 832 373 869; x_wconf 86' lang='lat' dir='ltr'>noman</span> <span class='ocrx_word' id='word_1_57' title='bbox 388 814 499 869; x_wconf 80' lang='lat' dir='ltr'>niniieris</span> <span class='ocrx_word' id='word_1_58' title='bbox 513 813 606 866; x_wconf 86' lang='lat' dir='ltr'>Abram</span> <span class='ocrx_word' id='word_1_59' title='bbox 619 809 695 873; x_wconf 87' lang='lat' dir='ltr'>Sora,</span> <span class='ocrx_word' id='word_1_60' title='bbox 709 820 733 862; x_wconf 85' lang='lat' dir='ltr'>et</span> <span class='ocrx_word' id='word_1_61' title='bbox 747 823 835 861; x_wconf 90' lang='lat' dir='ltr'>nomen</span> <span class='ocrx_word' id='word_1_62' title='bbox 848 804 939 860; x_wconf 82' lang='lat' dir='ltr'>maiie-</span> 
     </span>
     <span class='ocr_line' id='line_1_9' title="bbox 154 893 940 971; baseline -0.015 -10"><span class='ocrx_word' id='word_1_63' title='bbox 154 910 190 961; x_wconf 82' lang='lat' dir='ltr'>ris</span> <span class='ocrx_word' id='word_1_64' title='bbox 204 905 311 960; x_wconf 84' lang='lat' dir='ltr'>Nochor</span> <span class='ocrx_word' id='word_1_65' title='bbox 325 904 446 968; x_wconf 74' lang='lat' dir='ltr'>belcha,</span> <span class='ocrx_word' id='word_1_66' title='bbox 461 905 515 971; x_wconf 72' lang='lat' dir='ltr'>hdo</span> <span class='ocrx_word' id='word_1_67' title='bbox 529 902 597 955; x_wconf 84' lang='lat' dir='ltr'>Aron</span> <span class='ocrx_word' id='word_1_68' title='bbox 613 898 690 968; x_wconf 83' lang='lat' dir='ltr'>(Gen.</span> <span class='ocrx_word' id='word_1_69' title='bbox 705 914 749 965; x_wconf 83' lang='grc' dir='ltr'>ιι,</span> <span class='ocrx_word' id='word_1_70' title='bbox 764 896 870 965; x_wconf 67' lang='lat'><strong>27-29).</strong></span> <span class='ocrx_word' id='word_1_71' title='bbox 889 893 940 949; x_wconf 85' lang='lat' dir='ltr'>iste</span> 
     </span>
     <span class='ocr_line' id='line_1_10' title="bbox 155 988 941 1067; baseline -0.015 -14"><span class='ocrx_word' id='word_1_72' title='bbox 155 1001 227 1053; x_wconf 81' lang='lat' dir='ltr'>bran</span> <span class='ocrx_word' id='word_1_73' title='bbox 247 996 441 1067; x_wconf 74' lang='lat' dir='ltr'>paterbIeicbao</span> <span class='ocrx_word' id='word_1_74' title='bbox 464 994 512 1048; x_wconf 87' lang='lat' dir='ltr'>suit</span> <span class='ocrx_word' id='word_1_75' title='bbox 535 1002 561 1048; x_wconf 91' lang='lat' dir='ltr'>et</span> <span class='ocrx_word' id='word_1_76' title='bbox 583 1003 657 1062; x_wconf 89' lang='lat' dir='ltr'>pater</span> <span class='ocrx_word' id='word_1_77' title='bbox 671 990 769 1056; x_wconf 76' lang='lat' dir='ltr'>tesca,</span> <span class='ocrx_word' id='word_1_78' title='bbox 791 1006 849 1060; x_wconf 84' lang='lat' dir='ltr'>quae</span> <span class='ocrx_word' id='word_1_79' title='bbox 862 988 941 1043; x_wconf 81' lang='lat' dir='ltr'>iesca</span> 
     </span>
     <span class='ocr_line' id='line_1_11' title="bbox 155 1079 874 1157; baseline -0.018 -15"><span class='ocrx_word' id='word_1_80' title='bbox 155 1088 272 1144; x_wconf 85' lang='lat' dir='ltr'>creditur</span> <span class='ocrx_word' id='word_1_81' title='bbox 286 1090 343 1157; x_wconf 87' lang='lat' dir='ltr'>ipsa</span> <span class='ocrx_word' id='word_1_82' title='bbox 357 1101 416 1142; x_wconf 87' lang='lat' dir='ltr'>esse</span> <span class='ocrx_word' id='word_1_83' title='bbox 430 1087 508 1140; x_wconf 89' lang='lat' dir='ltr'>etiam</span> <span class='ocrx_word' id='word_1_84' title='bbox 522 1081 587 1138; x_wconf 87' lang='lat' dir='ltr'>Sam</span> <span class='ocrx_word' id='word_1_85' title='bbox 601 1084 608 1114; x_wconf 90' lang='lat'><strong>¹</strong></span> <span class='ocrx_word' id='word_1_86' title='bbox 622 1096 688 1137; x_wconf 81' lang='lat' dir='ltr'>uror</span> <span class='ocrx_word' id='word_1_87' title='bbox 700 1080 814 1136; x_wconf 75' lang='lat' dir='ltr'>Abrahae</span> <span class='ocrx_word' id='word_1_88' title='bbox 827 1079 874 1150; x_wconf 87' lang='lat' dir='ltr'>(o).</span> 
     </span>
    </p>
   </div>
   <div class='ocr_carea' id='block_1_8' title="bbox 989 539 1778 1138">
    <p class='ocr_par' dir='ltr' id='par_1_8' title="bbox 989 539 1778 1138">
     <span class='ocr_line' id='line_1_12' title="bbox 989 539 1776 613; baseline 0.006 -20"><span class='ocrx_word' id='word_1_89' title='bbox 989 540 1163 608; x_wconf 70' lang='lat' dir='ltr'>soporantium,</span> <span class='ocrx_word' id='word_1_90' title='bbox 1176 549 1198 593; x_wconf 89' lang='lat' dir='ltr'>et</span> <span class='ocrx_word' id='word_1_91' title='bbox 1211 539 1383 593; x_wconf 78' lang='lat' dir='ltr'>herbitorerrmt</span> <span class='ocrx_word' id='word_1_92' title='bbox 1393 540 1427 595; x_wconf 85' lang='lat' dir='ltr'>ibi</span> <span class='ocrx_word' id='word_1_93' title='bbox 1441 542 1493 594; x_wconf 84' lang='lat' dir='ltr'>dies</span> <span class='ocrx_word' id='word_1_94' title='bbox 1506 543 1604 596; x_wconf 81' lang='lat' dir='ltr'>trinitat.</span> <span class='ocrx_word' id='word_1_95' title='bbox 1618 542 1736 613; x_wconf 76' lang='lat' dir='ltr'>Dixitque</span> <span class='ocrx_word' id='word_1_96' title='bbox 1744 545 1776 598; x_wconf 81' lang='lat' dir='ltr'>it·</span> 
     </span>
     <span class='ocr_line' id='line_1_13' title="bbox 990 629 1776 697; baseline 0.004 -13"><span class='ocrx_word' id='word_1_97' title='bbox 990 630 1021 684; x_wconf 82' lang='lat' dir='ltr'>iit</span> <span class='ocrx_word' id='word_1_98' title='bbox 1033 629 1102 683; x_wconf 76' lang='lat' dir='ltr'>bens</span> <span class='ocrx_word' id='word_1_99' title='bbox 1115 646 1210 697; x_wconf 83' lang='lat' dir='ltr'>eoram,</span> <span class='ocrx_word' id='word_1_100' title='bbox 1225 638 1251 683; x_wconf 91' lang='lat' dir='ltr'>nt</span> <span class='ocrx_word' id='word_1_101' title='bbox 1262 632 1356 684; x_wconf 76' lang='lat' dir='ltr'>coirent</span> <span class='ocrx_word' id='word_1_102' title='bbox 1369 630 1400 683; x_wconf 86' lang='lat' dir='ltr'>de</span> <span class='ocrx_word' id='word_1_103' title='bbox 1413 632 1563 685; x_wconf 73' lang='lat' dir='ltr'>habitatione</span> <span class='ocrx_word' id='word_1_104' title='bbox 1576 649 1631 693; x_wconf 82' lang='lat' dir='ltr'>arra,</span> <span class='ocrx_word' id='word_1_105' title='bbox 1644 642 1667 686; x_wconf 88' lang='grc' dir='ltr'>ιι</span> <span class='ocrx_word' id='word_1_106' title='bbox 1679 634 1741 686; x_wconf 83' lang='lat' dir='ltr'>irem</span> <span class='ocrx_word' id='word_1_107' title='bbox 1749 635 1776 688; x_wconf 91' lang='lat' dir='ltr'>t&#39;n</span> 
     </span>
     <span class='ocr_line' id='line_1_14' title="bbox 991 719 1775 797; baseline 0.009 -23"><span class='ocrx_word' id='word_1_108' title='bbox 991 732 1082 775; x_wconf 86' lang='lat' dir='ltr'>terram</span> <span class='ocrx_word' id='word_1_109' title='bbox 1095 719 1234 784; x_wconf 74' lang='lat' dir='ltr'>chanaon:</span> <span class='ocrx_word' id='word_1_110' title='bbox 1246 731 1270 776; x_wconf 84' lang='lat' dir='ltr'>at</span> <span class='ocrx_word' id='word_1_111' title='bbox 1283 722 1336 775; x_wconf 84' lang='lat' dir='ltr'>dttc</span> <span class='ocrx_word' id='word_1_112' title='bbox 1352 722 1521 777; x_wconf 79' lang='lat' dir='ltr'>habitaverunt</span> <span class='ocrx_word' id='word_1_113' title='bbox 1539 723 1641 790; x_wconf 75' lang='lat' dir='ltr'>(iudith</span> <span class='ocrx_word' id='word_1_114' title='bbox 1657 741 1682 790; x_wconf 89' lang='lat' dir='ltr'>r,</span> <span class='ocrx_word' id='word_1_115' title='bbox 1696 724 1775 797; x_wconf 72' lang='lat' dir='ltr'>but:</span> 
     </span>
     <span class='ocr_line' id='line_1_15' title="bbox 991 812 1777 882; baseline 0.001 -16"><span class='ocrx_word' id='word_1_116' title='bbox 991 823 1018 866; x_wconf 91' lang='lat' dir='ltr'>et</span> <span class='ocrx_word' id='word_1_117' title='bbox 1031 821 1127 867; x_wconf 64' lang='lat' dir='ltr'>caetera</span> <span class='ocrx_word' id='word_1_118' title='bbox 1146 828 1205 882; x_wconf 78' lang='lat' dir='ltr'>qrrae</span> <span class='ocrx_word' id='word_1_119' title='bbox 1220 824 1309 867; x_wconf 89' lang='lat' dir='ltr'>narrat</span> <span class='ocrx_word' id='word_1_120' title='bbox 1321 812 1420 866; x_wconf 71' lang='lat' dir='ltr'>achior</span> <span class='ocrx_word' id='word_1_121' title='bbox 1433 815 1608 869; x_wconf 81' lang='lat' dir='ltr'>hinnronites.</span> <span class='ocrx_word' id='word_1_122' title='bbox 1626 814 1700 869; x_wconf 89' lang='lat' dir='ltr'>Unde</span> <span class='ocrx_word' id='word_1_123' title='bbox 1718 831 1777 868; x_wconf 84' lang='lat' dir='ltr'>nta-</span> 
     </span>
     <span class='ocr_line' id='line_1_16' title="bbox 992 903 1776 974; baseline 0.003 -17"><span class='ocrx_word' id='word_1_124' title='bbox 992 903 1116 957; x_wconf 83' lang='lat' dir='ltr'>niiestum</span> <span class='ocrx_word' id='word_1_125' title='bbox 1136 914 1187 966; x_wconf 90' lang='lat' dir='ltr'>est,</span> <span class='ocrx_word' id='word_1_126' title='bbox 1211 903 1317 958; x_wconf 91' lang='lat' dir='ltr'>domum</span> <span class='ocrx_word' id='word_1_127' title='bbox 1332 903 1425 958; x_wconf 73' lang='lat' dir='ltr'>&#39;share</span> <span class='ocrx_word' id='word_1_128' title='bbox 1444 904 1657 974; x_wconf 67' lang='lat' dir='ltr'>persecutionem</span> <span class='ocrx_word' id='word_1_129' title='bbox 1673 919 1776 974; x_wconf 87' lang='lat' dir='ltr'>passam</span> 
     </span>
     <span class='ocr_line' id='line_1_17' title="bbox 993 991 1778 1065; baseline 0.005 -19"><span class='ocrx_word' id='word_1_130' title='bbox 993 991 1073 1047; x_wconf 86' lang='lat' dir='ltr'>inisse</span> <span class='ocrx_word' id='word_1_131' title='bbox 1085 1007 1100 1046; x_wconf 91' lang='lat' dir='ltr'>a</span> <span class='ocrx_word' id='word_1_132' title='bbox 1115 992 1247 1047; x_wconf 73' lang='lat' dir='ltr'>Chaldaeis</span> <span class='ocrx_word' id='word_1_133' title='bbox 1260 1007 1307 1062; x_wconf 90' lang='lat' dir='ltr'>pro</span> <span class='ocrx_word' id='word_1_134' title='bbox 1319 1008 1380 1048; x_wconf 85' lang='lat' dir='ltr'>vera</span> <span class='ocrx_word' id='word_1_135' title='bbox 1393 993 1499 1065; x_wconf 86' lang='lat' dir='ltr'>pietate,</span> <span class='ocrx_word' id='word_1_136' title='bbox 1514 1009 1564 1065; x_wconf 81' lang='lat' dir='ltr'>qrra</span> <span class='ocrx_word' id='word_1_137' title='bbox 1580 1010 1648 1048; x_wconf 88' lang='lat' dir='ltr'>unus</span> <span class='ocrx_word' id='word_1_138' title='bbox 1660 1003 1687 1049; x_wconf 90' lang='lat' dir='ltr'>et</span> <span class='ocrx_word' id='word_1_139' title='bbox 1700 1009 1778 1050; x_wconf 83' lang='lat' dir='ltr'>verus</span> 
     </span>
     <span class='ocr_line' id='line_1_18' title="bbox 992 1082 1313 1138; baseline -0.009 -2"><span class='ocrx_word' id='word_1_140' title='bbox 992 1082 1025 1137; x_wconf 91' lang='lat' dir='ltr'>ab</span> <span class='ocrx_word' id='word_1_141' title='bbox 1039 1083 1078 1138; x_wconf 87' lang='lat' dir='ltr'>eis</span> <span class='ocrx_word' id='word_1_142' title='bbox 1089 1082 1224 1138; x_wconf 86' lang='lat' dir='ltr'>colebatur</span> <span class='ocrx_word' id='word_1_143' title='bbox 1234 1082 1313 1137; x_wconf 85' lang='lat' dir='ltr'>Deus.</span> 
     </span>
    </p>
   </div>
   <div class='ocr_carea' id='block_1_9' title="bbox 928 1194 1778 1269">
    <p class='ocr_par' dir='ltr' id='par_1_9' title="bbox 928 1194 1778 1269">
     <span class='ocr_line' id='line_1_19' title="bbox 928 1194 1778 1269; baseline 0.005 -19"><span class='ocrx_word' id='word_1_144' title='bbox 928 1239 942 1250; x_wconf 95' lang='lat'><em>.</em></span> <span class='ocrx_word' id='word_1_145' title='bbox 993 1195 1104 1252; x_wconf 80' lang='lat' dir='ltr'><strong>CAPUT</strong></span> <span class='ocrx_word' id='word_1_146' title='bbox 1118 1195 1188 1251; x_wconf 79' lang='lat' dir='ltr'>XiV.</span> <span class='ocrx_word' id='word_1_147' title='bbox 1199 1225 1234 1237; x_wconf 92' lang='lat'><em>-</em></span> <span class='ocrx_word' id='word_1_148' title='bbox 1248 1194 1285 1249; x_wconf 78' lang='lat' dir='ltr'>be</span> <span class='ocrx_word' id='word_1_149' title='bbox 1298 1196 1371 1250; x_wconf 82' lang='lat' dir='ltr'>nnttia</span> <span class='ocrx_word' id='word_1_150' title='bbox 1387 1196 1487 1263; x_wconf 80' lang='lat' dir='ltr'>Thura,</span> <span class='ocrx_word' id='word_1_151' title='bbox 1502 1199 1546 1269; x_wconf 79' lang='lat' dir='ltr'>grai</span> <span class='ocrx_word' id='word_1_152' title='bbox 1565 1199 1589 1250; x_wconf 91' lang='lat' dir='ltr'>in</span> <span class='ocrx_word' id='word_1_153' title='bbox 1608 1198 1703 1251; x_wconf 74' lang='lat' dir='ltr'>Claram</span> <span class='ocrx_word' id='word_1_154' title='bbox 1724 1201 1778 1255; x_wconf 79' lang='lat' dir='ltr'>rite</span> 
     </span>
    </p>
   </div>
   <div class='ocr_carea' id='block_1_10' title="bbox 192 1301 942 1468">
    <p class='ocr_par' dir='ltr' id='par_1_10' title="bbox 192 1301 942 1468">
     <span class='ocr_line' id='line_1_20' title="bbox 192 1301 941 1381; baseline -0.012 -18"><span class='ocrx_word' id='word_1_155' title='bbox 192 1311 339 1381; x_wconf 79' lang='lat' dir='ltr'>migratione</span> <span class='ocrx_word' id='word_1_156' title='bbox 359 1306 462 1372; x_wconf 80' lang='lat' dir='ltr'>Thura,</span> <span class='ocrx_word' id='word_1_157' title='bbox 481 1323 531 1376; x_wconf 89' lang='lat' dir='ltr'>qua</span> <span class='ocrx_word' id='word_1_158' title='bbox 543 1302 676 1360; x_wconf 81' lang='lat' dir='ltr'>Choidoeos</span> <span class='ocrx_word' id='word_1_159' title='bbox 689 1302 804 1355; x_wconf 79' lang='lat' dir='ltr'>deterens</span> <span class='ocrx_word' id='word_1_160' title='bbox 816 1301 841 1354; x_wconf 86' lang='lat' dir='ltr'>in</span> <span class='ocrx_word' id='word_1_161' title='bbox 857 1301 941 1355; x_wconf 81' lang='lat' dir='ltr'>heta-</span> 
     </span>
     <span class='ocr_line' id='line_1_21' title="bbox 192 1389 942 1468; baseline -0.012 -16"><span class='ocrx_word' id='word_1_162' title='bbox 192 1399 327 1468; x_wconf 75' lang='lat' dir='ltr'>potamium</span> <span class='ocrx_word' id='word_1_163' title='bbox 348 1397 455 1460; x_wconf 84' lang='lat' dir='ltr'>transiit,</span> <span class='ocrx_word' id='word_1_164' title='bbox 476 1396 545 1449; x_wconf 79' lang='lat' dir='ltr'>ann</span> <span class='ocrx_word' id='word_1_165' title='bbox 560 1392 607 1463; x_wconf 76' lang='lat' dir='ltr'>fittt</span> <span class='ocrx_word' id='word_1_166' title='bbox 625 1394 679 1462; x_wconf 74' lang='lat' dir='ltr'>einr</span> <span class='ocrx_word' id='word_1_167' title='bbox 702 1389 806 1444; x_wconf 85' lang='lat' dir='ltr'>Nachor</span> <span class='ocrx_word' id='word_1_168' title='bbox 823 1395 890 1462; x_wconf 73' lang='lat' dir='ltr'>[octo</span> <span class='ocrx_word' id='word_1_169' title='bbox 910 1391 942 1444; x_wconf 77' lang='grc' dir='ltr'>ιιι</span> 
     </span>
    </p>
   </div>
   <div class='ocr_carea' id='block_1_11' title="bbox 192 1491 295 1544">
    <p class='ocr_par' dir='ltr' id='par_1_11' title="bbox 192 1491 295 1544">
     <span class='ocr_line' id='line_1_22' title="bbox 192 1491 295 1544; baseline -0.019 0"><span class='ocrx_word' id='word_1_170' title='bbox 192 1491 295 1544; x_wconf 84' lang='lat' dir='ltr'>urentia.</span> 
     </span>
    </p>
   </div>
   <div class='ocr_carea' id='block_1_12' title="bbox 158 1593 947 2492">
    <p class='ocr_par' dir='ltr' id='par_1_12' title="bbox 158 1593 947 2492">
     <span class='ocr_line' id='line_1_23' title="bbox 194 1593 943 1664; baseline -0.009 -11"><span class='ocrx_word' id='word_1_171' title='bbox 194 1599 292 1653; x_wconf 77' lang='lat' dir='ltr'><strong>Deinde</strong></span> <span class='ocrx_word' id='word_1_172' title='bbox 313 1606 433 1652; x_wconf 78' lang='lat' dir='ltr'>narratur</span> <span class='ocrx_word' id='word_1_173' title='bbox 459 1594 680 1664; x_wconf 81' lang='lat' dir='ltr'>quernadnrodma</span> <span class='ocrx_word' id='word_1_174' title='bbox 695 1595 779 1647; x_wconf 82' lang='lat' dir='ltr'>Tharr</span> <span class='ocrx_word' id='word_1_175' title='bbox 804 1609 863 1647; x_wconf 88' lang='lat' dir='ltr'>eum</span> <span class='ocrx_word' id='word_1_176' title='bbox 889 1593 943 1646; x_wconf 78' lang='lat' dir='ltr'>suis</span> 
     </span>
     <span class='ocr_line' id='line_1_24' title="bbox 158 1683 943 1762; baseline -0.016 -16"><span class='ocrx_word' id='word_1_177' title='bbox 158 1693 290 1762; x_wconf 85' lang='lat' dir='ltr'>regionem</span> <span class='ocrx_word' id='word_1_178' title='bbox 305 1691 440 1760; x_wconf 79' lang='lat' dir='ltr'>reliquerit</span> <span class='ocrx_word' id='word_1_179' title='bbox 453 1688 491 1742; x_wconf 86' lang='lat' dir='ltr'>Ch</span> <span class='ocrx_word' id='word_1_180' title='bbox 494 1688 647 1749; x_wconf 80' lang='lat' dir='ltr'>dumorum</span> <span class='ocrx_word' id='word_1_181' title='bbox 662 1695 688 1738; x_wconf 90' lang='lat' dir='ltr'>et</span> <span class='ocrx_word' id='word_1_182' title='bbox 699 1686 799 1739; x_wconf 86' lang='lat' dir='ltr'>venerit</span> <span class='ocrx_word' id='word_1_183' title='bbox 813 1686 837 1736; x_wconf 90' lang='lat' dir='ltr'>in</span> <span class='ocrx_word' id='word_1_184' title='bbox 853 1683 943 1737; x_wconf 85' lang='lat' dir='ltr'>hieso-</span> 
     </span>
     <span class='ocr_line' id='line_1_25' title="bbox 159 1778 944 1852; baseline -0.011 -17"><span class='ocrx_word' id='word_1_185' title='bbox 159 1782 311 1852; x_wconf 79' lang='lat' dir='ltr'>potamium,</span> <span class='ocrx_word' id='word_1_186' title='bbox 335 1789 361 1835; x_wconf 90' lang='lat' dir='ltr'>et</span> <span class='ocrx_word' id='word_1_187' title='bbox 375 1778 550 1833; x_wconf 71' lang='lat' dir='ltr'>habitaverit</span> <span class='ocrx_word' id='word_1_188' title='bbox 544 1794 568 1830; x_wconf 92' lang='lat' dir='ltr'>m</span> <span class='ocrx_word' id='word_1_189' title='bbox 583 1778 712 1831; x_wconf 78' lang='lat' dir='ltr'>Cirrata:</span> <span class='ocrx_word' id='word_1_190' title='bbox 738 1785 837 1829; x_wconf 87' lang='lat' dir='ltr'>tacetur</span> <span class='ocrx_word' id='word_1_191' title='bbox 856 1785 944 1828; x_wconf 88' lang='lat' dir='ltr'>autem</span> 
     </span>
     <span class='ocr_line' id='line_1_26' title="bbox 159 1864 944 1940; baseline -0.013 -13"><span class='ocrx_word' id='word_1_192' title='bbox 159 1872 192 1929; x_wconf 88' lang='lat' dir='ltr'>de</span> <span class='ocrx_word' id='word_1_193' title='bbox 211 1886 263 1925; x_wconf 89' lang='lat' dir='ltr'>uno</span> <span class='ocrx_word' id='word_1_194' title='bbox 284 1871 341 1940; x_wconf 75' lang='lat' dir='ltr'>eius</span> <span class='ocrx_word' id='word_1_195' title='bbox 360 1870 433 1936; x_wconf 82' lang='lat' dir='ltr'>idio,</span> <span class='ocrx_word' id='word_1_196' title='bbox 456 1869 500 1938; x_wconf 85' lang='lat' dir='ltr'>qui</span> <span class='ocrx_word' id='word_1_197' title='bbox 517 1866 660 1922; x_wconf 80' lang='lat' dir='ltr'>vocabatur</span> <span class='ocrx_word' id='word_1_198' title='bbox 679 1864 794 1928; x_wconf 75' lang='lat' dir='ltr'>Noctem,</span> <span class='ocrx_word' id='word_1_199' title='bbox 820 1875 944 1933; x_wconf 87' lang='lat' dir='ltr'>tauquam</span> 
     </span>
     <span class='ocr_line' id='line_1_27' title="bbox 158 1952 946 2031; baseline -0.01 -16"><span class='ocrx_word' id='word_1_200' title='bbox 158 1978 218 2015; x_wconf 90' lang='lat' dir='ltr'>eum</span> <span class='ocrx_word' id='word_1_201' title='bbox 232 1973 283 2031; x_wconf 90' lang='lat' dir='ltr'>non</span> <span class='ocrx_word' id='word_1_202' title='bbox 296 1959 401 2015; x_wconf 84' lang='lat' dir='ltr'>duxerit</span> <span class='ocrx_word' id='word_1_203' title='bbox 413 1972 512 2013; x_wconf 85' lang='lat' dir='ltr'>secum.</span> <span class='ocrx_word' id='word_1_204' title='bbox 524 1955 588 2010; x_wconf 88' lang='lat' dir='ltr'>Nam</span> <span class='ocrx_word' id='word_1_205' title='bbox 596 1956 632 2009; x_wconf 81' lang='lat' dir='ltr'>ita</span> <span class='ocrx_word' id='word_1_206' title='bbox 643 1965 781 2009; x_wconf 81' lang='lat' dir='ltr'>narratur:</span> <span class='ocrx_word' id='word_1_207' title='bbox 796 1952 829 2006; x_wconf 81' lang='lat' dir='ltr'>Et</span> <span class='ocrx_word' id='word_1_208' title='bbox 840 1955 946 2025; x_wconf 77' lang='lat' dir='ltr'>sttrnpait</span> 
     </span>
     <span class='ocr_line' id='line_1_28' title="bbox 159 2042 946 2119; baseline -0.013 -14"><span class='ocrx_word' id='word_1_209' title='bbox 159 2049 245 2106; x_wconf 85' lang='lat' dir='ltr'>Thoro</span> <span class='ocrx_word' id='word_1_210' title='bbox 265 2050 357 2103; x_wconf 83' lang='lat' dir='ltr'>Abram</span> <span class='ocrx_word' id='word_1_211' title='bbox 371 2050 452 2119; x_wconf 74' lang='lat' dir='ltr'>fitium</span> <span class='ocrx_word' id='word_1_212' title='bbox 470 2062 555 2109; x_wconf 77' lang='lat' dir='ltr'>ranan,</span> <span class='ocrx_word' id='word_1_213' title='bbox 573 2054 596 2098; x_wconf 91' lang='grc' dir='ltr'>ιι</span> <span class='ocrx_word' id='word_1_214' title='bbox 609 2042 656 2098; x_wconf 83' lang='lat' dir='ltr'>Lot</span> <span class='ocrx_word' id='word_1_215' title='bbox 668 2045 750 2111; x_wconf 73' lang='lat' dir='ltr'>fliium</span> <span class='ocrx_word' id='word_1_216' title='bbox 765 2045 844 2107; x_wconf 85' lang='lat' dir='ltr'>dran,</span> <span class='ocrx_word' id='word_1_217' title='bbox 864 2044 946 2112; x_wconf 73' lang='lat' dir='ltr'>fitium</span> 
     </span>
     <span class='ocr_line' id='line_1_29' title="bbox 160 2135 947 2214; baseline -0.015 -15"><span class='ocrx_word' id='word_1_218' title='bbox 160 2146 208 2214; x_wconf 76' lang='lat' dir='ltr'>titii</span> <span class='ocrx_word' id='word_1_219' title='bbox 228 2145 277 2204; x_wconf 83' lang='lat' dir='ltr'>sni,</span> <span class='ocrx_word' id='word_1_220' title='bbox 297 2152 320 2196; x_wconf 90' lang='lat' dir='ltr'>et</span> <span class='ocrx_word' id='word_1_221' title='bbox 340 2141 432 2196; x_wconf 89' lang='lat' dir='ltr'>Soram</span> <span class='ocrx_word' id='word_1_222' title='bbox 452 2155 544 2192; x_wconf 85' lang='lat' dir='ltr'>norant</span> <span class='ocrx_word' id='word_1_223' title='bbox 562 2153 643 2202; x_wconf 81' lang='lat' dir='ltr'>anam,</span> <span class='ocrx_word' id='word_1_224' title='bbox 668 2152 772 2189; x_wconf 81' lang='lat' dir='ltr'>oaorem</span> <span class='ocrx_word' id='word_1_225' title='bbox 792 2135 886 2189; x_wconf 79' lang='lat' dir='ltr'>Abram</span> <span class='ocrx_word' id='word_1_226' title='bbox 898 2135 947 2201; x_wconf 72' lang='lat' dir='ltr'>pttt</span> 
     </span>
     <span class='ocr_line' id='line_1_30' title="bbox 160 2228 947 2301; baseline -0.014 -10"><span class='ocrx_word' id='word_1_227' title='bbox 160 2239 208 2301; x_wconf 81' lang='lat' dir='ltr'>sni,</span> <span class='ocrx_word' id='word_1_228' title='bbox 222 2246 245 2289; x_wconf 89' lang='grc' dir='ltr'>ιι</span> <span class='ocrx_word' id='word_1_229' title='bbox 258 2235 345 2288; x_wconf 78' lang='lat' dir='ltr'>edrai:</span> <span class='ocrx_word' id='word_1_230' title='bbox 352 2233 409 2286; x_wconf 81' lang='lat' dir='ltr'>idos</span> <span class='ocrx_word' id='word_1_231' title='bbox 422 2231 453 2285; x_wconf 83' lang='lat' dir='ltr'>tie</span> <span class='ocrx_word' id='word_1_232' title='bbox 465 2231 565 2301; x_wconf 74' lang='lat' dir='ltr'>regione</span> <span class='ocrx_word' id='word_1_233' title='bbox 578 2228 754 2283; x_wconf 85' lang='lat' dir='ltr'>Chatdoeorant</span> <span class='ocrx_word' id='word_1_234' title='bbox 769 2229 804 2280; x_wconf 87' lang='lat' dir='ltr'>irc</span> <span class='ocrx_word' id='word_1_235' title='bbox 816 2229 843 2280; x_wconf 92' lang='lat' dir='ltr'>in</span> <span class='ocrx_word' id='word_1_236' title='bbox 855 2237 947 2280; x_wconf 85' lang='lat' dir='ltr'>ter-ram</span> 
     </span>
     <span class='ocr_line' id='line_1_31' title="bbox 161 2317 946 2388; baseline -0.017 -6"><span class='ocrx_word' id='word_1_237' title='bbox 161 2327 281 2382; x_wconf 82' lang='lat' dir='ltr'>Chonoan</span> <span class='ocrx_word' id='word_1_238' title='bbox 297 2343 306 2378; x_wconf 89' lang='lat'><em>:</em></span> <span class='ocrx_word' id='word_1_239' title='bbox 327 2336 349 2379; x_wconf 88' lang='lat' dir='ltr'>et</span> <span class='ocrx_word' id='word_1_240' title='bbox 364 2324 427 2377; x_wconf 88' lang='lat' dir='ltr'>nenit</span> <span class='ocrx_word' id='word_1_241' title='bbox 447 2322 473 2374; x_wconf 88' lang='lat' dir='ltr'>in</span> <span class='ocrx_word' id='word_1_242' title='bbox 489 2321 622 2384; x_wconf 76' lang='lat' dir='ltr'>Chaereae,</span> <span class='ocrx_word' id='word_1_243' title='bbox 636 2330 659 2371; x_wconf 87' lang='lat' dir='ltr'>et</span> <span class='ocrx_word' id='word_1_244' title='bbox 672 2319 790 2372; x_wconf 83' lang='lat' dir='ltr'>habitarit</span> <span class='ocrx_word' id='word_1_245' title='bbox 802 2319 836 2371; x_wconf 86' lang='lat' dir='ltr'>ihi</span> <span class='ocrx_word' id='word_1_246' title='bbox 853 2317 946 2388; x_wconf 79' lang='lat' dir='ltr'>(tnta,</span> 
     </span>
     <span class='ocr_line' id='line_1_32' title="bbox 160 2407 947 2492; baseline -0.008 -24"><span class='ocrx_word' id='word_1_247' title='bbox 160 2421 215 2492; x_wconf 78' lang='lat'>51).</span> <span class='ocrx_word' id='word_1_248' title='bbox 231 2415 364 2489; x_wconf 76' lang='lat' dir='ltr'>Nusquam</span> <span class='ocrx_word' id='word_1_249' title='bbox 380 2412 422 2466; x_wconf 90' lang='lat' dir='ltr'>hie</span> <span class='ocrx_word' id='word_1_250' title='bbox 437 2411 585 2465; x_wconf 90' lang='lat' dir='ltr'>nominatus</span> <span class='ocrx_word' id='word_1_251' title='bbox 596 2417 637 2463; x_wconf 91' lang='lat' dir='ltr'>est</span> <span class='ocrx_word' id='word_1_252' title='bbox 648 2407 764 2476; x_wconf 85' lang='lat' dir='ltr'>Nachor,</span> <span class='ocrx_word' id='word_1_253' title='bbox 776 2417 802 2463; x_wconf 92' lang='lat' dir='ltr'>et</span> <span class='ocrx_word' id='word_1_254' title='bbox 815 2425 881 2462; x_wconf 82' lang='lat' dir='ltr'>uror</span> <span class='ocrx_word' id='word_1_255' title='bbox 891 2408 947 2478; x_wconf 86' lang='lat' dir='ltr'>ejus</span> 
     </span>
    </p>
   </div>
   <div class='ocr_carea' id='block_1_13' title="bbox 160 2505 947 2577">
    <p class='ocr_par' dir='ltr' id='par_1_13' title="bbox 160 2505 947 2577">
     <span class='ocr_line' id='line_1_33' title="bbox 160 2505 947 2577; baseline -0.022 -8"><span class='ocrx_word' id='word_1_256' title='bbox 160 2513 272 2569; x_wconf 81' lang='lat' dir='ltr'>hieleba.</span> <span class='ocrx_word' id='word_1_257' title='bbox 294 2513 347 2567; x_wconf 81' lang='lat' dir='ltr'>Sed</span> <span class='ocrx_word' id='word_1_258' title='bbox 372 2505 520 2565; x_wconf 81' lang='lat' dir='ltr'>irrrcnituus</span> <span class='ocrx_word' id='word_1_259' title='bbox 544 2511 643 2577; x_wconf 86' lang='lat' dir='ltr'>postea.</span> <span class='ocrx_word' id='word_1_260' title='bbox 664 2517 723 2556; x_wconf 85' lang='lat' dir='ltr'>curn</span> <span class='ocrx_word' id='word_1_261' title='bbox 743 2516 848 2555; x_wconf 86' lang='lat' dir='ltr'>serrum</span> <span class='ocrx_word' id='word_1_262' title='bbox 871 2515 947 2553; x_wconf 89' lang='lat' dir='ltr'>suum</span> 
     </span>
    </p>
   </div>
   <div class='ocr_carea' id='block_1_14' title="bbox 160 2591 949 2850">
    <p class='ocr_par' dir='ltr' id='par_1_14' title="bbox 160 2591 949 2850">
     <span class='ocr_line' id='line_1_34' title="bbox 160 2591 949 2669; baseline -0.019 -9"><span class='ocrx_word' id='word_1_263' title='bbox 160 2608 276 2661; x_wconf 87' lang='lat' dir='ltr'>mitteret</span> <span class='ocrx_word' id='word_1_264' title='bbox 290 2604 422 2659; x_wconf 81' lang='lat' dir='ltr'>Abraham</span> <span class='ocrx_word' id='word_1_265' title='bbox 441 2603 473 2655; x_wconf 86' lang='lat' dir='ltr'>ad</span> <span class='ocrx_word' id='word_1_266' title='bbox 492 2599 671 2669; x_wconf 89' lang='lat' dir='ltr'>accipiendam</span> <span class='ocrx_word' id='word_1_267' title='bbox 691 2611 800 2650; x_wconf 87' lang='lat' dir='ltr'>urorem</span> <span class='ocrx_word' id='word_1_268' title='bbox 823 2591 878 2646; x_wconf 85' lang='lat' dir='ltr'>tilio</span> <span class='ocrx_word' id='word_1_269' title='bbox 899 2603 949 2647; x_wconf 87' lang='lat' dir='ltr'>suo</span> 
     </span>
     <span class='ocr_line' id='line_1_35' title="bbox 161 2684 949 2763; baseline -0.016 -13"><span class='ocrx_word' id='word_1_270' title='bbox 161 2696 244 2762; x_wconf 87' lang='lat' dir='ltr'>isaac,</span> <span class='ocrx_word' id='word_1_271' title='bbox 261 2697 296 2750; x_wconf 89' lang='lat' dir='ltr'>ita</span> <span class='ocrx_word' id='word_1_272' title='bbox 311 2695 436 2763; x_wconf 88' lang='lat' dir='ltr'>scripturn</span> <span class='ocrx_word' id='word_1_273' title='bbox 450 2711 457 2747; x_wconf 90' lang='lat'>:</span> <span class='ocrx_word' id='word_1_274' title='bbox 473 2692 507 2744; x_wconf 83' lang='lat' dir='ltr'>Et</span> <span class='ocrx_word' id='word_1_275' title='bbox 521 2690 615 2758; x_wconf 83' lang='lat' dir='ltr'>occepit</span> <span class='ocrx_word' id='word_1_276' title='bbox 628 2687 785 2759; x_wconf 75' lang='lat' dir='ltr'>pranderem</span> <span class='ocrx_word' id='word_1_277' title='bbox 798 2684 949 2738; x_wconf 81' lang='lat' dir='ltr'>cantetoade</span> 
     </span>
     <span class='ocr_line' id='line_1_36' title="bbox 161 2775 949 2850; baseline -0.019 -8"><span class='ocrx_word' id='word_1_278' title='bbox 161 2789 262 2842; x_wconf 78' lang='lat' dir='ltr'>cantetis</span> <span class='ocrx_word' id='word_1_279' title='bbox 280 2787 374 2840; x_wconf 87' lang='lat' dir='ltr'>domini</span> <span class='ocrx_word' id='word_1_280' title='bbox 387 2785 437 2850; x_wconf 75' lang='lat' dir='ltr'>rai,</span> <span class='ocrx_word' id='word_1_281' title='bbox 456 2794 479 2838; x_wconf 85' lang='lat' dir='ltr'>et</span> <span class='ocrx_word' id='word_1_282' title='bbox 492 2783 524 2835; x_wconf 90' lang='lat' dir='ltr'>de</span> <span class='ocrx_word' id='word_1_283' title='bbox 536 2781 648 2834; x_wconf 76' lang='lat' dir='ltr'>omnibns</span> <span class='ocrx_word' id='word_1_284' title='bbox 659 2778 729 2832; x_wconf 82' lang='lat' dir='ltr'>hortis</span> <span class='ocrx_word' id='word_1_285' title='bbox 744 2776 840 2829; x_wconf 86' lang='lat' dir='ltr'>domini</span> <span class='ocrx_word' id='word_1_286' title='bbox 858 2775 896 2828; x_wconf 85' lang='lat' dir='ltr'>rui</span> <span class='ocrx_word' id='word_1_287' title='bbox 911 2790 949 2828; x_wconf 83' lang='lat' dir='ltr'>re·</span> 
     </span>
    </p>
   </div>
   <div class='ocr_carea' id='block_1_15' title="bbox 162 2868 953 2948">
    <p class='ocr_par' dir='ltr' id='par_1_15' title="bbox 162 2868 953 2948">
     <span class='ocr_line' id='line_1_37' title="bbox 162 2868 953 2948; baseline -0.02 -14"><span class='ocrx_word' id='word_1_288' title='bbox 162 2897 229 2944; x_wconf 87' lang='lat' dir='ltr'>cnm,</span> <span class='ocrx_word' id='word_1_289' title='bbox 243 2889 265 2934; x_wconf 90' lang='grc' dir='ltr'>ιι</span> <span class='ocrx_word' id='word_1_290' title='bbox 279 2894 413 2948; x_wconf 69' lang='lat' dir='ltr'>monogena</span> <span class='ocrx_word' id='word_1_291' title='bbox 427 2879 553 2947; x_wconf 71' lang='lat' dir='ltr'>profectas</span> <span class='ocrx_word' id='word_1_292' title='bbox 566 2882 600 2927; x_wconf 86' lang='lat' dir='ltr'>ert</span> <span class='ocrx_word' id='word_1_293' title='bbox 613 2874 639 2924; x_wconf 89' lang='lat' dir='ltr'>in</span> <span class='ocrx_word' id='word_1_294' title='bbox 654 2870 863 2938; x_wconf 74' lang='lat' dir='ltr'>Mesopotamiam</span> <span class='ocrx_word' id='word_1_295' title='bbox 875 2868 901 2920; x_wconf 92' lang='lat' dir='ltr'>in</span> <span class='ocrx_word' id='word_1_296' title='bbox 913 2868 953 2919; x_wconf 51' lang='lat' dir='ltr'>ei«</span> 
     </span>
    </p>
   </div>
   <div class='ocr_carea' id='block_1_16' title="bbox 161 2957 959 5212">
    <p class='ocr_par' dir='ltr' id='par_1_16' title="bbox 161 2957 959 5212">
     <span class='ocr_line' id='line_1_38' title="bbox 161 2957 948 3037; baseline -0.022 -13"><span class='ocrx_word' id='word_1_297' title='bbox 161 2971 262 3024; x_wconf 83' lang='lat' dir='ltr'>ritatem</span> <span class='ocrx_word' id='word_1_298' title='bbox 276 2967 380 3021; x_wconf 83' lang='lat' dir='ltr'>Noctror</span> <span class='ocrx_word' id='word_1_299' title='bbox 395 2965 449 3037; x_wconf 79' lang='lat' dir='ltr'>(id.</span> <span class='ocrx_word' id='word_1_300' title='bbox 464 2979 535 3027; x_wconf 82' lang='lat' dir='ltr'>xxrr,</span> <span class='ocrx_word' id='word_1_301' title='bbox 554 2962 607 3031; x_wconf 77' lang='grc' dir='ltr'>ιθ).</span> <span class='ocrx_word' id='word_1_302' title='bbox 626 2962 678 3014; x_wconf 78' lang='lat' dir='ltr'>isto</span> <span class='ocrx_word' id='word_1_303' title='bbox 690 2969 716 3013; x_wconf 90' lang='lat' dir='ltr'>et</span> <span class='ocrx_word' id='word_1_304' title='bbox 730 2958 789 3012; x_wconf 87' lang='lat' dir='ltr'>aiiis</span> <span class='ocrx_word' id='word_1_305' title='bbox 803 2972 885 3011; x_wconf 81' lang='lat' dir='ltr'>sacrm</span> <span class='ocrx_word' id='word_1_306' title='bbox 898 2957 948 3022; x_wconf 76' lang='lat' dir='ltr'>hp·</span> 
     </span>
     <span class='ocr_line' id='line_1_39' title="bbox 161 3045 949 3130; baseline -0.022 -15"><span class='ocrx_word' id='word_1_307' title='bbox 161 3060 204 3130; x_wconf 78' lang='lat' dir='ltr'>jus</span> <span class='ocrx_word' id='word_1_308' title='bbox 214 3059 330 3113; x_wconf 81' lang='lat' dir='ltr'>historie</span> <span class='ocrx_word' id='word_1_309' title='bbox 349 3054 506 3112; x_wconf 85' lang='lat' dir='ltr'>testimoniis</span> <span class='ocrx_word' id='word_1_310' title='bbox 518 3051 666 3107; x_wconf 85' lang='lat' dir='ltr'>ostenditur</span> <span class='ocrx_word' id='word_1_311' title='bbox 678 3050 757 3103; x_wconf 87' lang='lat' dir='ltr'>etiam</span> <span class='ocrx_word' id='word_1_312' title='bbox 772 3047 876 3102; x_wconf 84' lang='lat' dir='ltr'>Nactror</span> <span class='ocrx_word' id='word_1_313' title='bbox 897 3045 949 3100; x_wconf 85' lang='lat' dir='ltr'>iia-</span> 
     </span>
     <span class='ocr_line' id='line_1_40' title="bbox 163 3138 950 3213; baseline -0.017 -8"><span class='ocrx_word' id='word_1_314' title='bbox 163 3160 203 3205; x_wconf 89' lang='lat' dir='ltr'>ter</span> <span class='ocrx_word' id='word_1_315' title='bbox 214 3149 327 3205; x_wconf 85' lang='lat' dir='ltr'>Abrabae</span> <span class='ocrx_word' id='word_1_316' title='bbox 338 3149 424 3204; x_wconf 86' lang='lat' dir='ltr'>exisse</span> <span class='ocrx_word' id='word_1_317' title='bbox 437 3145 470 3200; x_wconf 87' lang='lat' dir='ltr'>dc</span> <span class='ocrx_word' id='word_1_318' title='bbox 486 3144 593 3213; x_wconf 81' lang='lat' dir='ltr'>regione</span> <span class='ocrx_word' id='word_1_319' title='bbox 610 3140 805 3201; x_wconf 81' lang='lat' dir='ltr'>Chaldaeorum,</span> <span class='ocrx_word' id='word_1_320' title='bbox 821 3138 950 3205; x_wconf 79' lang='lat' dir='ltr'>sedesque</span> 
     </span>
     <span class='ocr_line' id='line_1_41' title="bbox 162 3228 951 3306; baseline -0.022 -8"><span class='ocrx_word' id='word_1_321' title='bbox 162 3241 330 3298; x_wconf 80' lang='lat' dir='ltr'>constituisse</span> <span class='ocrx_word' id='word_1_322' title='bbox 344 3239 369 3293; x_wconf 91' lang='lat' dir='ltr'>in</span> <span class='ocrx_word' id='word_1_323' title='bbox 384 3236 583 3306; x_wconf 78' lang='lat' dir='ltr'>Mesopotamia,</span> <span class='ocrx_word' id='word_1_324' title='bbox 609 3233 651 3287; x_wconf 92' lang='lat' dir='ltr'>ubi</span> <span class='ocrx_word' id='word_1_325' title='bbox 667 3246 726 3285; x_wconf 88' lang='lat' dir='ltr'>eum</span> <span class='ocrx_word' id='word_1_326' title='bbox 749 3241 822 3298; x_wconf 88' lang='lat' dir='ltr'>patre</span> <span class='ocrx_word' id='word_1_327' title='bbox 837 3244 885 3283; x_wconf 91' lang='lat' dir='ltr'>sno</span> <span class='ocrx_word' id='word_1_328' title='bbox 900 3228 951 3282; x_wconf 89' lang='lat' dir='ltr'>ha·</span> 
     </span>
     <span class='ocr_line' id='line_1_42' title="bbox 163 3323 950 3395; baseline -0.019 -5"><span class='ocrx_word' id='word_1_329' title='bbox 163 3334 292 3390; x_wconf 87' lang='lat' dir='ltr'>bitarerat</span> <span class='ocrx_word' id='word_1_330' title='bbox 314 3330 456 3386; x_wconf 80' lang='lat' dir='ltr'>Abraham.</span> <span class='ocrx_word' id='word_1_331' title='bbox 483 3326 536 3382; x_wconf 88' lang='lat' dir='ltr'>Cur</span> <span class='ocrx_word' id='word_1_332' title='bbox 560 3341 623 3395; x_wconf 87' lang='lat' dir='ltr'>ergo</span> <span class='ocrx_word' id='word_1_333' title='bbox 650 3323 787 3391; x_wconf 79' lang='lat' dir='ltr'>Scriptura</span> <span class='ocrx_word' id='word_1_334' title='bbox 813 3337 873 3375; x_wconf 90' lang='lat' dir='ltr'>eum</span> <span class='ocrx_word' id='word_1_335' title='bbox 897 3335 950 3375; x_wconf 90' lang='lat' dir='ltr'>non</span> 
     </span>
     <span class='ocr_line' id='line_1_43' title="bbox 163 3410 953 3490; baseline -0.019 -10"><span class='ocrx_word' id='word_1_336' title='bbox 163 3423 389 3488; x_wconf 83' lang='lat' dir='ltr'>cominemorarit,</span> <span class='ocrx_word' id='word_1_337' title='bbox 410 3419 515 3490; x_wconf 89' lang='lat' dir='ltr'>quando</span> <span class='ocrx_word' id='word_1_338' title='bbox 534 3433 565 3471; x_wconf 86' lang='lat' dir='ltr'>ex</span> <span class='ocrx_word' id='word_1_339' title='bbox 582 3424 660 3486; x_wconf 87' lang='lat' dir='ltr'>gente</span> <span class='ocrx_word' id='word_1_340' title='bbox 677 3413 801 3468; x_wconf 72' lang='lat' dir='ltr'>Chaldaea</span> <span class='ocrx_word' id='word_1_341' title='bbox 817 3426 877 3466; x_wconf 90' lang='lat' dir='ltr'>cum</span> <span class='ocrx_word' id='word_1_342' title='bbox 896 3410 953 3465; x_wconf 85' lang='lat' dir='ltr'>suis</span> 
     </span>
     <span class='ocr_line' id='line_1_44' title="bbox 164 3501 951 3586; baseline -0.024 -13"><span class='ocrx_word' id='word_1_343' title='bbox 164 3517 296 3586; x_wconf 87' lang='lat' dir='ltr'>proiectus</span> <span class='ocrx_word' id='word_1_344' title='bbox 308 3523 349 3568; x_wconf 88' lang='lat' dir='ltr'>est</span> <span class='ocrx_word' id='word_1_345' title='bbox 359 3513 455 3575; x_wconf 80' lang='lat' dir='ltr'>Thiara,</span> <span class='ocrx_word' id='word_1_346' title='bbox 477 3517 504 3563; x_wconf 92' lang='lat' dir='ltr'>et</span> <span class='ocrx_word' id='word_1_347' title='bbox 516 3508 641 3562; x_wconf 88' lang='lat' dir='ltr'>habitarit</span> <span class='ocrx_word' id='word_1_348' title='bbox 654 3506 679 3558; x_wconf 92' lang='lat' dir='ltr'>in</span> <span class='ocrx_word' id='word_1_349' title='bbox 694 3502 892 3572; x_wconf 76' lang='lat' dir='ltr'>Mesopotamia,</span> <span class='ocrx_word' id='word_1_350' title='bbox 907 3501 951 3554; x_wconf 88' lang='lat' dir='ltr'>nbi</span> 
     </span>
     <span class='ocr_line' id='line_1_45' title="bbox 165 3594 950 3667; baseline -0.022 -4"><span class='ocrx_word' id='word_1_351' title='bbox 165 3625 218 3663; x_wconf 89' lang='lat' dir='ltr'>non</span> <span class='ocrx_word' id='word_1_352' title='bbox 232 3607 317 3663; x_wconf 81' lang='lat' dir='ltr'>seium</span> <span class='ocrx_word' id='word_1_353' title='bbox 333 3604 464 3659; x_wconf 76' lang='lat' dir='ltr'>Abraham</span> <span class='ocrx_word' id='word_1_354' title='bbox 480 3600 549 3654; x_wconf 85' lang='lat' dir='ltr'>fitius</span> <span class='ocrx_word' id='word_1_355' title='bbox 567 3599 635 3667; x_wconf 84' lang='lat' dir='ltr'>ejus,</span> <span class='ocrx_word' id='word_1_356' title='bbox 658 3611 750 3650; x_wconf 87' lang='lat' dir='ltr'>rerum</span> <span class='ocrx_word' id='word_1_357' title='bbox 771 3595 850 3648; x_wconf 82' lang='lat' dir='ltr'>etiam</span> <span class='ocrx_word' id='word_1_358' title='bbox 872 3594 950 3647; x_wconf 85' lang='lat' dir='ltr'>Sarra</span> 
     </span>
     <span class='ocr_line' id='line_1_46' title="bbox 166 3683 952 3765; baseline -0.027 -9"><span class='ocrx_word' id='word_1_359' title='bbox 166 3717 246 3756; x_wconf 86' lang='lat' dir='ltr'>nurus</span> <span class='ocrx_word' id='word_1_360' title='bbox 258 3709 284 3753; x_wconf 89' lang='lat' dir='ltr'>et</span> <span class='ocrx_word' id='word_1_361' title='bbox 298 3698 348 3753; x_wconf 86' lang='lat' dir='ltr'>Lot</span> <span class='ocrx_word' id='word_1_362' title='bbox 368 3708 450 3765; x_wconf 85' lang='lat' dir='ltr'>nepos</span> <span class='ocrx_word' id='word_1_363' title='bbox 463 3692 521 3762; x_wconf 86' lang='lat' dir='ltr'>ejus</span> <span class='ocrx_word' id='word_1_364' title='bbox 543 3696 794 3749; x_wconf 90' lang='lat' dir='ltr'>commemorantur,</span> <span class='ocrx_word' id='word_1_365' title='bbox 811 3683 881 3754; x_wconf 85' lang='lat' dir='ltr'>quod</span> <span class='ocrx_word' id='word_1_366' title='bbox 905 3697 952 3736; x_wconf 89' lang='lat' dir='ltr'>eos</span> 
     </span>
     <span class='ocr_line' id='line_1_47' title="bbox 166 3777 952 3854; baseline -0.024 -7"><span class='ocrx_word' id='word_1_367' title='bbox 166 3792 270 3846; x_wconf 85' lang='lat' dir='ltr'>duxerit</span> <span class='ocrx_word' id='word_1_368' title='bbox 281 3789 390 3844; x_wconf 81' lang='lat' dir='ltr'>secum?</span> <span class='ocrx_word' id='word_1_369' title='bbox 409 3786 472 3847; x_wconf 88' lang='lat' dir='ltr'>Cur,</span> <span class='ocrx_word' id='word_1_370' title='bbox 488 3792 620 3854; x_wconf 86' lang='lat' dir='ltr'>pntanms,</span> <span class='ocrx_word' id='word_1_371' title='bbox 642 3781 693 3836; x_wconf 87' lang='lat' dir='ltr'>nisi</span> <span class='ocrx_word' id='word_1_372' title='bbox 710 3778 778 3833; x_wconf 85' lang='lat' dir='ltr'>iorte</span> <span class='ocrx_word' id='word_1_373' title='bbox 791 3777 861 3846; x_wconf 79' lang='lat' dir='ltr'>quod</span> <span class='ocrx_word' id='word_1_374' title='bbox 876 3791 890 3829; x_wconf 92' lang='lat' dir='ltr'>a</span> <span class='ocrx_word' id='word_1_375' title='bbox 906 3791 952 3844; x_wconf 86' lang='lat' dir='ltr'>pa-</span> 
     </span>
     <span class='ocr_line' id='line_1_48' title="bbox 167 3868 952 3945; baseline -0.02 -7"><span class='ocrx_word' id='word_1_376' title='bbox 167 3894 239 3938; x_wconf 88' lang='lat' dir='ltr'>terna</span> <span class='ocrx_word' id='word_1_377' title='bbox 252 3890 278 3936; x_wconf 89' lang='lat' dir='ltr'>et</span> <span class='ocrx_word' id='word_1_378' title='bbox 299 3878 414 3934; x_wconf 76' lang='lat' dir='ltr'>fraterna</span> <span class='ocrx_word' id='word_1_379' title='bbox 433 3876 529 3945; x_wconf 87' lang='lat' dir='ltr'>pietate</span> <span class='ocrx_word' id='word_1_380' title='bbox 548 3872 706 3937; x_wconf 78' lang='lat' dir='ltr'>desciuerat,</span> <span class='ocrx_word' id='word_1_381' title='bbox 729 3879 757 3925; x_wconf 88' lang='lat' dir='ltr'>et</span> <span class='ocrx_word' id='word_1_382' title='bbox 773 3868 952 3937; x_wconf 81' lang='lat' dir='ltr'>superstitioni</span> 
     </span>
     <span class='ocr_line' id='line_1_49' title="bbox 166 3959 952 4033; baseline -0.023 -5"><span class='ocrx_word' id='word_1_383' title='bbox 166 3975 314 4027; x_wconf 76' lang='lat' dir='ltr'>ariiraeserat</span> <span class='ocrx_word' id='word_1_384' title='bbox 332 3966 526 4030; x_wconf 74' lang='lat' dir='ltr'>chaldeorum,</span> <span class='ocrx_word' id='word_1_385' title='bbox 550 3972 578 4018; x_wconf 86' lang='lat' dir='ltr'>et</span> <span class='ocrx_word' id='word_1_386' title='bbox 596 3973 686 4033; x_wconf 89' lang='lat' dir='ltr'>postea</span> <span class='ocrx_word' id='word_1_387' title='bbox 705 3961 776 4026; x_wconf 87' lang='lat' dir='ltr'>inde,</span> <span class='ocrx_word' id='word_1_388' title='bbox 798 3961 854 4014; x_wconf 83' lang='lat' dir='ltr'>sire</span> <span class='ocrx_word' id='word_1_389' title='bbox 866 3959 952 4026; x_wconf 87' lang='lat' dir='ltr'>poeni·</span> 
     </span>
     <span class='ocr_line' id='line_1_50' title="bbox 168 4051 953 4127; baseline -0.019 -11"><span class='ocrx_word' id='word_1_390' title='bbox 168 4063 257 4126; x_wconf 87' lang='lat' dir='ltr'>tendo,</span> <span class='ocrx_word' id='word_1_391' title='bbox 281 4061 337 4114; x_wconf 90' lang='lat' dir='ltr'>sire</span> <span class='ocrx_word' id='word_1_392' title='bbox 359 4056 566 4127; x_wconf 85' lang='lat' dir='ltr'>persecutionem</span> <span class='ocrx_word' id='word_1_393' title='bbox 587 4067 693 4122; x_wconf 86' lang='lat' dir='ltr'>passus,</span> <span class='ocrx_word' id='word_1_394' title='bbox 718 4051 788 4121; x_wconf 89' lang='lat' dir='ltr'>quod</span> <span class='ocrx_word' id='word_1_395' title='bbox 814 4060 953 4119; x_wconf 85' lang='lat' dir='ltr'>suspectus</span> 
     </span>
     <span class='ocr_line' id='line_1_51' title="bbox 169 4139 954 4217; baseline -0.017 -12"><span class='ocrx_word' id='word_1_396' title='bbox 169 4151 319 4212; x_wconf 82' lang='lat' dir='ltr'>traheretur,</span> <span class='ocrx_word' id='word_1_397' title='bbox 330 4157 356 4203; x_wconf 88' lang='lat' dir='ltr'>et</span> <span class='ocrx_word' id='word_1_398' title='bbox 369 4149 424 4217; x_wconf 88' lang='lat' dir='ltr'>ipse</span> <span class='ocrx_word' id='word_1_399' title='bbox 433 4146 589 4216; x_wconf 76' lang='lat' dir='ltr'>emigravit?</span> <span class='ocrx_word' id='word_1_400' title='bbox 602 4144 629 4196; x_wconf 88' lang='lat' dir='ltr'>tn</span> <span class='ocrx_word' id='word_1_401' title='bbox 641 4143 708 4196; x_wconf 90' lang='lat' dir='ltr'>libro</span> <span class='ocrx_word' id='word_1_402' title='bbox 718 4143 788 4195; x_wconf 87' lang='lat' dir='ltr'>enirn</span> <span class='ocrx_word' id='word_1_403' title='bbox 802 4141 845 4209; x_wconf 86' lang='lat' dir='ltr'>qui</span> <span class='ocrx_word' id='word_1_404' title='bbox 860 4139 954 4193; x_wconf 90' lang='lat' dir='ltr'>inscri-</span> 
     </span>
     <span class='ocr_line' id='line_1_52' title="bbox 171 4231 954 4308; baseline -0.017 -11"><span class='ocrx_word' id='word_1_405' title='bbox 171 4245 238 4297; x_wconf 82' lang='lat' dir='ltr'>bitur</span> <span class='ocrx_word' id='word_1_406' title='bbox 251 4240 353 4303; x_wconf 85' lang='lat' dir='ltr'>Judith,</span> <span class='ocrx_word' id='word_1_407' title='bbox 369 4246 571 4308; x_wconf 78' lang='lat' dir='ltr'>conquererer</span> <span class='ocrx_word' id='word_1_408' title='bbox 583 4233 739 4289; x_wconf 87' lang='lat' dir='ltr'>lloioiernes</span> <span class='ocrx_word' id='word_1_409' title='bbox 754 4233 837 4286; x_wconf 72' lang='lat' dir='ltr'>beistis</span> <span class='ocrx_word' id='word_1_410' title='bbox 849 4231 954 4286; x_wconf 86' lang='lat' dir='ltr'>israeli·</span> 
     </span>
     <span class='ocr_line' id='line_1_53' title="bbox 170 4322 954 4400; baseline -0.018 -13"><span class='ocrx_word' id='word_1_411' title='bbox 170 4344 264 4395; x_wconf 80' lang='grc' dir='ltr'>ιιιιιιιι,</span> <span class='ocrx_word' id='word_1_412' title='bbox 280 4345 399 4400; x_wconf 78' lang='lat' dir='ltr'>qaenam</span> <span class='ocrx_word' id='word_1_413' title='bbox 414 4343 479 4397; x_wconf 87' lang='lat' dir='ltr'>gens</span> <span class='ocrx_word' id='word_1_414' title='bbox 498 4327 541 4380; x_wconf 87' lang='lat' dir='ltr'>ilia</span> <span class='ocrx_word' id='word_1_415' title='bbox 556 4335 637 4388; x_wconf 88' lang='lat' dir='ltr'>essct,</span> <span class='ocrx_word' id='word_1_416' title='bbox 653 4333 739 4377; x_wconf 90' lang='lat' dir='ltr'>utram</span> <span class='ocrx_word' id='word_1_417' title='bbox 754 4322 881 4376; x_wconf 81' lang='lat' dir='ltr'>adversus</span> <span class='ocrx_word' id='word_1_418' title='bbox 895 4337 954 4376; x_wconf 91' lang='lat' dir='ltr'>eam</span> 
     </span>
     <span class='ocr_line' id='line_1_54' title="bbox 170 4413 955 4485; baseline -0.02 -5"><span class='ocrx_word' id='word_1_419' title='bbox 170 4424 318 4481; x_wconf 80' lang='lat' dir='ltr'>bollandum</span> <span class='ocrx_word' id='word_1_420' title='bbox 333 4420 434 4485; x_wconf 87' lang='lat' dir='ltr'>hrisset,</span> <span class='ocrx_word' id='word_1_421' title='bbox 449 4420 521 4472; x_wconf 88' lang='lat' dir='ltr'>sicei</span> <span class='ocrx_word' id='word_1_422' title='bbox 531 4413 773 4484; x_wconf 83' lang='lat' dir='ltr'>respondithchinr</span> <span class='ocrx_word' id='word_1_423' title='bbox 783 4413 835 4468; x_wconf 81' lang='lat' dir='ltr'>dux</span> <span class='ocrx_word' id='word_1_424' title='bbox 847 4413 955 4466; x_wconf 79' lang='lat' dir='ltr'>Ammo·</span> 
     </span>
     <span class='ocr_line' id='line_1_55' title="bbox 170 4504 955 4573; baseline -0.019 -2"><span class='ocrx_word' id='word_1_425' title='bbox 170 4518 283 4571; x_wconf 85' lang='lat' dir='ltr'>tritarum</span> <span class='ocrx_word' id='word_1_426' title='bbox 295 4516 306 4546; x_wconf 84' lang='lat'><strong>¹</strong></span> <span class='ocrx_word' id='word_1_427' title='bbox 321 4530 327 4566; x_wconf 96' lang='lat'><strong>:</strong></span> <span class='ocrx_word' id='word_1_428' title='bbox 343 4512 436 4565; x_wconf 77' lang='lat' dir='ltr'>Aridior</span> <span class='ocrx_word' id='word_1_429' title='bbox 447 4510 562 4562; x_wconf 83' lang='lat' dir='ltr'>dominns</span> <span class='ocrx_word' id='word_1_430' title='bbox 576 4516 659 4560; x_wconf 83' lang='lat' dir='ltr'>noster</span> <span class='ocrx_word' id='word_1_431' title='bbox 671 4505 771 4560; x_wconf 85' lang='lat' dir='ltr'>uerbum</span> <span class='ocrx_word' id='word_1_432' title='bbox 784 4505 815 4558; x_wconf 85' lang='lat' dir='ltr'>de</span> <span class='ocrx_word' id='word_1_433' title='bbox 829 4520 872 4557; x_wconf 87' lang='lat' dir='ltr'>ore</span> <span class='ocrx_word' id='word_1_434' title='bbox 885 4504 955 4573; x_wconf 79' lang='lat' dir='ltr'>paeri</span> 
     </span>
     <span class='ocr_line' id='line_1_56' title="bbox 170 4594 957 4674; baseline -0.022 -13"><span class='ocrx_word' id='word_1_435' title='bbox 170 4609 219 4672; x_wconf 79' lang='lat' dir='ltr'>sni,</span> <span class='ocrx_word' id='word_1_436' title='bbox 229 4618 252 4659; x_wconf 84' lang='lat' dir='ltr'>et</span> <span class='ocrx_word' id='word_1_437' title='bbox 263 4609 369 4674; x_wconf 70' lang='lat' dir='ltr'>referent</span> <span class='ocrx_word' id='word_1_438' title='bbox 382 4601 425 4654; x_wconf 87' lang='lat' dir='ltr'>tihi</span> <span class='ocrx_word' id='word_1_439' title='bbox 434 4601 560 4653; x_wconf 84' lang='lat' dir='ltr'>ceritatem</span> <span class='ocrx_word' id='word_1_440' title='bbox 574 4600 604 4650; x_wconf 88' lang='lat' dir='ltr'>de</span> <span class='ocrx_word' id='word_1_441' title='bbox 618 4596 712 4666; x_wconf 81' lang='lat' dir='ltr'>popolo</span> <span class='ocrx_word' id='word_1_442' title='bbox 725 4595 768 4664; x_wconf 82' lang='lat' dir='ltr'>qui</span> <span class='ocrx_word' id='word_1_443' title='bbox 779 4594 872 4647; x_wconf 84' lang='lat' dir='ltr'>habitat</span> <span class='ocrx_word' id='word_1_444' title='bbox 880 4595 957 4663; x_wconf 77' lang='lat' dir='ltr'>jacto</span> 
     </span>
     <span class='ocr_line' id='line_1_57' title="bbox 171 4684 958 4761; baseline -0.023 -7"><span class='ocrx_word' id='word_1_445' title='bbox 171 4713 194 4754; x_wconf 82' lang='lat' dir='ltr'>te</span> <span class='ocrx_word' id='word_1_446' title='bbox 208 4709 352 4761; x_wconf 85' lang='lat' dir='ltr'>ntontonanr</span> <span class='ocrx_word' id='word_1_447' title='bbox 370 4695 434 4747; x_wconf 86' lang='lat' dir='ltr'>hono</span> <span class='ocrx_word' id='word_1_448' title='bbox 447 4691 468 4754; x_wconf 81' lang='lat'>⁸,</span> <span class='ocrx_word' id='word_1_449' title='bbox 490 4701 513 4743; x_wconf 89' lang='lat' dir='ltr'>et</span> <span class='ocrx_word' id='word_1_450' title='bbox 534 4706 584 4743; x_wconf 79' lang='lat' dir='ltr'>iton</span> <span class='ocrx_word' id='word_1_451' title='bbox 604 4688 679 4741; x_wconf 73' lang='lat' dir='ltr'>exibit</span> <span class='ocrx_word' id='word_1_452' title='bbox 699 4685 856 4739; x_wconf 81' lang='lat' dir='ltr'>mendacium</span> <span class='ocrx_word' id='word_1_453' title='bbox 873 4684 904 4736; x_wconf 89' lang='lat' dir='ltr'>de</span> <span class='ocrx_word' id='word_1_454' title='bbox 915 4699 958 4737; x_wconf 88' lang='lat' dir='ltr'>ore</span> 
     </span>
     <span class='ocr_line' id='line_1_58' title="bbox 171 4773 955 4852; baseline -0.027 -8"><span class='ocrx_word' id='word_1_455' title='bbox 171 4789 291 4844; x_wconf 82' lang='lat' dir='ltr'>servitui.</span> <span class='ocrx_word' id='word_1_456' title='bbox 305 4785 367 4840; x_wconf 80' lang='lat' dir='ltr'>Hoc</span> <span class='ocrx_word' id='word_1_457' title='bbox 386 4780 595 4852; x_wconf 80' lang='lat' dir='ltr'>enimprogenies</span> <span class='ocrx_word' id='word_1_458' title='bbox 610 4776 696 4848; x_wconf 82' lang='lat' dir='ltr'>popuii</span> <span class='ocrx_word' id='word_1_459' title='bbox 714 4787 749 4830; x_wconf 82' lang='lat' dir='ltr'>est</span> <span class='ocrx_word' id='word_1_460' title='bbox 770 4773 955 4834; x_wconf 83' lang='lat' dir='ltr'>Choidtrornm,</span> 
     </span>
     <span class='ocr_line' id='line_1_59' title="bbox 172 4865 959 4940; baseline -0.024 -5"><span class='ocrx_word' id='word_1_461' title='bbox 172 4892 194 4935; x_wconf 90' lang='lat' dir='ltr'>et</span> <span class='ocrx_word' id='word_1_462' title='bbox 207 4891 280 4934; x_wconf 83' lang='lat' dir='ltr'>antea</span> <span class='ocrx_word' id='word_1_463' title='bbox 291 4877 459 4930; x_wconf 81' lang='lat' dir='ltr'>trahitanernnt</span> <span class='ocrx_word' id='word_1_464' title='bbox 475 4869 692 4940; x_wconf 79' lang='lat' dir='ltr'>Mesopotamiam,</span> <span class='ocrx_word' id='word_1_465' title='bbox 707 4866 766 4934; x_wconf 84' lang='lat' dir='ltr'>qaia</span> <span class='ocrx_word' id='word_1_466' title='bbox 779 4865 909 4918; x_wconf 75' lang='lat' dir='ltr'>noinnrnt</span> <span class='ocrx_word' id='word_1_467' title='bbox 919 4879 959 4916; x_wconf 84' lang='grc' dir='ltr'>ιι·</span> 
     </span>
     <span class='ocr_line' id='line_1_60' title="bbox 171 4953 959 5044; baseline -0.025 -19"><span class='ocrx_word' id='word_1_468' title='bbox 171 4975 214 5044; x_wconf 74' lang='lat' dir='ltr'>goi</span> <span class='ocrx_word' id='word_1_469' title='bbox 228 4971 288 5024; x_wconf 81' lang='lat' dir='ltr'>deos</span> <span class='ocrx_word' id='word_1_470' title='bbox 303 4979 400 5037; x_wconf 83' lang='lat' dir='ltr'>potrum</span> <span class='ocrx_word' id='word_1_471' title='bbox 412 4980 524 5025; x_wconf 77' lang='lat' dir='ltr'>anonam,</span> <span class='ocrx_word' id='word_1_472' title='bbox 543 4962 584 5031; x_wconf 83' lang='lat' dir='ltr'>qni</span> <span class='ocrx_word' id='word_1_473' title='bbox 598 4960 696 5029; x_wconf 75' lang='lat' dir='ltr'>[nerant</span> <span class='ocrx_word' id='word_1_474' title='bbox 710 4958 737 5010; x_wconf 88' lang='lat' dir='ltr'>in</span> <span class='ocrx_word' id='word_1_475' title='bbox 749 4967 814 5009; x_wconf 84' lang='lat' dir='ltr'>terro</span> <span class='ocrx_word' id='word_1_476' title='bbox 827 4953 959 5010; x_wconf 78' lang='lat' dir='ltr'>chathea-</span> 
     </span>
     <span class='ocr_line' id='line_1_61' title="bbox 171 5050 958 5131; baseline -0.028 -16"><span class='ocrx_word' id='word_1_477' title='bbox 171 5079 227 5115; x_wconf 89' lang='lat' dir='ltr'>rnm</span> <span class='ocrx_word' id='word_1_478' title='bbox 240 5059 350 5131; x_wconf 77' lang='lat' dir='ltr'>gloriosi,</span> <span class='ocrx_word' id='word_1_479' title='bbox 366 5055 408 5110; x_wconf 82' lang='lat' dir='ltr'>sed</span> <span class='ocrx_word' id='word_1_480' title='bbox 420 5055 604 5109; x_wconf 80' lang='lat' dir='ltr'>declinaverant</span> <span class='ocrx_word' id='word_1_481' title='bbox 616 5050 646 5102; x_wconf 87' lang='lat' dir='ltr'>de</span> <span class='ocrx_word' id='word_1_482' title='bbox 660 5051 700 5103; x_wconf 89' lang='lat' dir='ltr'>nio</span> <span class='ocrx_word' id='word_1_483' title='bbox 714 5056 844 5117; x_wconf 84' lang='lat' dir='ltr'>parentant</span> <span class='ocrx_word' id='word_1_484' title='bbox 855 5059 958 5097; x_wconf 79' lang='lat' dir='ltr'>rnornm</span> 
     </span>
     <span class='ocr_line' id='line_1_62' title="bbox 172 5144 959 5212; baseline -0.028 -3"><span class='ocrx_word' id='word_1_485' title='bbox 172 5163 194 5208; x_wconf 88' lang='lat' dir='ltr'>et</span> <span class='ocrx_word' id='word_1_486' title='bbox 208 5153 375 5207; x_wconf 83' lang='lat' dir='ltr'>odoraverunt</span> <span class='ocrx_word' id='word_1_487' title='bbox 391 5146 471 5199; x_wconf 84' lang='lat' dir='ltr'>Deam</span> <span class='ocrx_word' id='word_1_488' title='bbox 490 5145 556 5208; x_wconf 72' lang='lat' dir='ltr'>aare,</span> <span class='ocrx_word' id='word_1_489' title='bbox 581 5145 841 5212; x_wconf 72' lang='lat' dir='ltr'>danamarchorum,</span> <span class='ocrx_word' id='word_1_490' title='bbox 861 5144 884 5199; x_wconf 80' lang='grc' dir='ltr'>ιι</span> <span class='ocrx_word' id='word_1_491' title='bbox 899 5150 959 5202; x_wconf 88' lang='lat' dir='ltr'>pro·</span> 
     </span>
    </p>
   </div>
   <div class='ocr_carea' id='block_1_17' title="bbox 173 5308 962 5669">
    <p class='ocr_par' dir='ltr' id='par_1_17' title="bbox 205 5308 599 5375">
     <span class='ocr_line' id='line_1_63' title="bbox 205 5308 599 5375; baseline -0.036 -5"><span class='ocrx_word' id='word_1_492' title='bbox 205 5320 315 5375; x_wconf 68' lang='grc' dir='ltr'>1ιιιιιι,</span> <span class='ocrx_word' id='word_1_493' title='bbox 326 5319 472 5372; x_wconf 70' lang='lat' dir='ltr'>sermons.</span> <span class='ocrx_word' id='word_1_494' title='bbox 484 5308 538 5360; x_wconf 72' lang='lat' dir='ltr'>esu.</span> <span class='ocrx_word' id='word_1_495' title='bbox 570 5315 599 5356; x_wconf 88' lang='lat' dir='ltr'>u.</span> 
     </span>
    </p>

    <p class='ocr_par' dir='ltr' id='par_1_18' title="bbox 173 5383 960 5513">
     <span class='ocr_line' id='line_1_64' title="bbox 205 5383 960 5450; baseline -0.028 1"><span class='ocrx_word' id='word_1_496' title='bbox 205 5403 216 5432; x_wconf 84' lang='lat'>¹</span> <span class='ocrx_word' id='word_1_497' title='bbox 232 5407 286 5450; x_wconf 81' lang='lat' dir='ltr'>ttss</span> <span class='ocrx_word' id='word_1_498' title='bbox 301 5392 504 5446; x_wconf 76' lang='lat' dir='ltr'>amnratn&#39;tarrmr.</span> <span class='ocrx_word' id='word_1_499' title='bbox 500 5403 506 5414; x_wconf 93' lang='lat'><em>·</em></span> <span class='ocrx_word' id='word_1_500' title='bbox 519 5398 545 5439; x_wconf 89' lang='lat' dir='ltr'>et</span> <span class='ocrx_word' id='word_1_501' title='bbox 554 5391 622 5447; x_wconf 80' lang='lat' dir='ltr'>iutra,</span> <span class='ocrx_word' id='word_1_502' title='bbox 632 5383 785 5446; x_wconf 70' lang='lat' dir='ltr'>hnmana,-</span> <span class='ocrx_word' id='word_1_503' title='bbox 793 5383 854 5445; x_wconf 86' lang='lat' dir='ltr'>iooo,</span> <span class='ocrx_word' id='word_1_504' title='bbox 867 5393 960 5432; x_wconf 77' lang='lat' dir='ltr'>Anemo·</span> 
     </span>
     <span class='ocr_line' id='line_1_65' title="bbox 173 5462 242 5513; baseline 0 -1"><span class='ocrx_word' id='word_1_505' title='bbox 173 5462 242 5513; x_wconf 82' lang='lat' dir='ltr'>nites.</span> 
     </span>
    </p>

    <p class='ocr_par' dir='ltr' id='par_1_19' title="bbox 175 5524 962 5669">
     <span class='ocr_line' id='line_1_66' title="bbox 206 5524 962 5610; baseline -0.026 -16"><span class='ocrx_word' id='word_1_506' title='bbox 206 5546 297 5602; x_wconf 61' lang='lat' dir='ltr'>Hor,</span> <span class='ocrx_word' id='word_1_507' title='bbox 318 5544 429 5610; x_wconf 79' lang='lat' dir='ltr'>montana</span> <span class='ocrx_word' id='word_1_508' title='bbox 445 5533 506 5584; x_wconf 77' lang='lat' dir='ltr'>hac.</span> <span class='ocrx_word' id='word_1_509' title='bbox 519 5540 547 5582; x_wconf 89' lang='grc' dir='ltr'>Αι</span> <span class='ocrx_word' id='word_1_510' title='bbox 567 5539 629 5587; x_wconf 80' lang='lat' dir='ltr'>tiss,</span> <span class='ocrx_word' id='word_1_511' title='bbox 648 5535 783 5578; x_wconf 75' lang='lat' dir='ltr'>mammeam</span> <span class='ocrx_word' id='word_1_512' title='bbox 800 5526 883 5576; x_wconf 86' lang='lat' dir='ltr'>hone:</span> <span class='ocrx_word' id='word_1_513' title='bbox 892 5524 962 5585; x_wconf 75' lang='lat' dir='ltr'>iuxta</span> 
     </span>
     <span class='ocr_line' id='line_1_67' title="bbox 175 5595 544 5669; baseline -0.036 -13"><span class='ocrx_word' id='word_1_514' title='bbox 175 5618 289 5669; x_wconf 73' lang='lat' dir='ltr'>graecum,</span> <span class='ocrx_word' id='word_1_515' title='bbox 301 5604 339 5653; x_wconf 86' lang='lat' dir='ltr'>te&#39;n</span> <span class='ocrx_word' id='word_1_516' title='bbox 350 5598 445 5651; x_wconf 87' lang='lat' dir='ltr'>orehren</span> <span class='ocrx_word' id='word_1_517' title='bbox 455 5595 544 5647; x_wconf 78' lang='lat' dir='ltr'>maten.</span> 
     </span>
    </p>
   </div>
   <div class='ocr_carea' id='block_1_18' title="bbox 176 5668 961 5811">
    <p class='ocr_par' dir='ltr' id='par_1_20' title="bbox 176 5668 961 5798">
     <span class='ocr_line' id='line_1_68' title="bbox 208 5668 961 5787; baseline -0.026 -51"><span class='ocrx_word' id='word_1_518' title='bbox 208 5687 244 5751; x_wconf 85' lang='lat' dir='ltr'>(a)</span> <span class='ocrx_word' id='word_1_519' title='bbox 257 5693 306 5735; x_wconf 80' lang='lat' dir='ltr'>troc</span> <span class='ocrx_word' id='word_1_520' title='bbox 316 5683 388 5734; x_wconf 86' lang='lat' dir='ltr'>tradit</span> <span class='ocrx_word' id='word_1_521' title='bbox 396 5690 451 5732; x_wconf 81' lang='lat' dir='ltr'>rost</span> <span class='ocrx_word' id='word_1_522' title='bbox 453 5679 523 5743; x_wconf 78' lang='lat' dir='ltr'>ptius,</span> <span class='ocrx_word' id='word_1_523' title='bbox 533 5670 856 5787; x_wconf 51' lang='lat' dir='ltr'>arpppuiratnmtudaioerum</span> <span class='ocrx_word' id='word_1_524' title='bbox 868 5668 961 5727; x_wconf 80' lang='lat' dir='ltr'>tihrot,</span> 
     </span>
     <span class='ocr_line' id='line_1_69' title="bbox 176 5687 961 5811; baseline -0.023 -13"><span class='ocrx_word' id='word_1_525' title='bbox 176 5763 228 5811; x_wconf 84' lang='lat' dir='ltr'>cap.</span> <span class='ocrx_word' id='word_1_526' title='bbox 234 5687 265 5806; x_wconf 67' lang='lat' dir='ltr'>&gt;¹t,</span> <span class='ocrx_word' id='word_1_527' title='bbox 279 5743 437 5797; x_wconf 84' lang='lat' dir='ltr'>etttebraei</span> <span class='ocrx_word' id='word_1_528' title='bbox 432 5756 455 5791; x_wconf 92' lang='lat' dir='ltr'>m</span> <span class='ocrx_word' id='word_1_529' title='bbox 474 5740 534 5789; x_wconf 80' lang='lat' dir='ltr'>libro</span> <span class='ocrx_word' id='word_1_530' title='bbox 609 5731 730 5792; x_wconf 76' lang='grc' dir='ltr'>ι-ιιιιιιιι,</span> <span class='ocrx_word' id='word_1_531' title='bbox 745 5744 797 5792; x_wconf 90' lang='lat' dir='ltr'>cap</span> <span class='ocrx_word' id='word_1_532' title='bbox 810 5730 837 5779; x_wconf 76' lang='lat'>2·</span> <span class='ocrx_word' id='word_1_533' title='bbox 830 5731 961 5794; x_wconf 80' lang='lat' dir='ltr'>,demque</span> 
     </span>
    </p>
   </div>
   <div class='ocr_carea' id='block_1_19' title="bbox 178 5795 823 5874">
    <p class='ocr_par' dir='ltr' id='par_1_21' title="bbox 178 5795 823 5874">
     <span class='ocr_line' id='line_1_70' title="bbox 178 5795 823 5874; baseline -0.028 -15"><span class='ocrx_word' id='word_1_534' title='bbox 178 5764 369 5874; x_wconf 67' lang='lat' dir='ltr'>hieronymusin</span> <span class='ocrx_word' id='word_1_535' title='bbox 380 5801 554 5855; x_wconf 76' lang='lat' dir='ltr'>traditionibus</span> <span class='ocrx_word' id='word_1_536' title='bbox 562 5795 690 5848; x_wconf 82' lang='lat' dir='ltr'>hebraicis.</span> <span class='ocrx_word' id='word_1_537' title='bbox 701 5800 823 5851; x_wconf 66' lang='lat' dir='ltr'>bonosus.</span> 
     </span>
    </p>
   </div>
   <div class='ocr_carea' id='block_1_20' title="bbox 1238 1291 1531 1361">
    <p class='ocr_par' dir='ltr' id='par_1_22' title="bbox 1238 1291 1531 1361">
     <span class='ocr_line' id='line_1_71' title="bbox 1238 1291 1531 1361; baseline -0.003 -17"><span class='ocrx_word' id='word_1_538' title='bbox 1238 1306 1292 1345; x_wconf 80' lang='lat' dir='ltr'>ano</span> <span class='ocrx_word' id='word_1_539' title='bbox 1302 1299 1399 1360; x_wconf 76' lang='lat' dir='ltr'>tempas</span> <span class='ocrx_word' id='word_1_540' title='bbox 1411 1291 1531 1361; x_wconf 75' lang='lat' dir='ltr'>implerit.</span> 
     </span>
    </p>
   </div>
   <div class='ocr_carea' id='block_1_21' title="bbox 995 1401 1859 3028">
    <p class='ocr_par' dir='ltr' id='par_1_23' title="bbox 995 1401 1859 3028">
     <span class='ocr_line' id='line_1_72' title="bbox 1030 1401 1780 1472; baseline 0.012 -19"><span class='ocrx_word' id='word_1_541' title='bbox 1030 1401 1158 1456; x_wconf 80' lang='lat' dir='ltr'>Defuncto</span> <span class='ocrx_word' id='word_1_542' title='bbox 1172 1411 1260 1456; x_wconf 91' lang='lat' dir='ltr'>autem</span> <span class='ocrx_word' id='word_1_543' title='bbox 1270 1402 1356 1457; x_wconf 85' lang='lat' dir='ltr'>Thara</span> <span class='ocrx_word' id='word_1_544' title='bbox 1371 1404 1396 1457; x_wconf 90' lang='lat' dir='ltr'>in</span> <span class='ocrx_word' id='word_1_545' title='bbox 1412 1404 1608 1472; x_wconf 80' lang='lat' dir='ltr'>Mesopotamia,</span> <span class='ocrx_word' id='word_1_546' title='bbox 1625 1406 1669 1459; x_wconf 87' lang='lat' dir='ltr'>ahi</span> <span class='ocrx_word' id='word_1_547' title='bbox 1682 1406 1780 1463; x_wconf 75' lang='lat' dir='ltr'>vixisse</span> 
     </span>
     <span class='ocr_line' id='line_1_73' title="bbox 995 1492 1781 1569; baseline 0.01 -22"><span class='ocrx_word' id='word_1_548' title='bbox 995 1492 1149 1562; x_wconf 87' lang='lat' dir='ltr'>perhibetur</span> <span class='ocrx_word' id='word_1_549' title='bbox 1160 1493 1289 1547; x_wconf 87' lang='lat' dir='ltr'>ducentos</span> <span class='ocrx_word' id='word_1_550' title='bbox 1306 1504 1333 1548; x_wconf 90' lang='lat' dir='ltr'>et</span> <span class='ocrx_word' id='word_1_551' title='bbox 1346 1494 1462 1564; x_wconf 72' lang='lat' dir='ltr'>utrinqne</span> <span class='ocrx_word' id='word_1_552' title='bbox 1475 1511 1569 1564; x_wconf 80' lang='lat' dir='ltr'>arrnos,</span> <span class='ocrx_word' id='word_1_553' title='bbox 1585 1499 1638 1567; x_wconf 82' lang='lat' dir='ltr'>jam</span> <span class='ocrx_word' id='word_1_554' title='bbox 1654 1497 1781 1569; x_wconf 85' lang='lat' dir='ltr'>incipiunt</span> 
     </span>
     <span class='ocr_line' id='line_1_74' title="bbox 995 1580 1780 1662; baseline 0.013 -27"><span class='ocrx_word' id='word_1_555' title='bbox 995 1581 1104 1635; x_wconf 86' lang='lat' dir='ltr'>indicari</span> <span class='ocrx_word' id='word_1_556' title='bbox 1123 1580 1199 1637; x_wconf 75' lang='lat' dir='ltr'>iactae</span> <span class='ocrx_word' id='word_1_557' title='bbox 1220 1583 1254 1637; x_wconf 89' lang='lat' dir='ltr'>ad</span> <span class='ocrx_word' id='word_1_558' title='bbox 1274 1584 1406 1638; x_wconf 81' lang='lat' dir='ltr'>Abraham</span> <span class='ocrx_word' id='word_1_559' title='bbox 1422 1588 1611 1656; x_wconf 83' lang='lat' dir='ltr'>promissiones</span> <span class='ocrx_word' id='word_1_560' title='bbox 1628 1591 1684 1654; x_wconf 82' lang='lat' dir='ltr'>hei,</span> <span class='ocrx_word' id='word_1_561' title='bbox 1710 1594 1780 1662; x_wconf 82' lang='lat' dir='ltr'>qtrod</span> 
     </span>
     <span class='ocr_line' id='line_1_75' title="bbox 996 1671 1783 1745; baseline 0.018 -22"><span class='ocrx_word' id='word_1_562' title='bbox 996 1671 1031 1725; x_wconf 80' lang='lat' dir='ltr'>ita</span> <span class='ocrx_word' id='word_1_563' title='bbox 1052 1672 1177 1741; x_wconf 85' lang='lat' dir='ltr'>scriptum</span> <span class='ocrx_word' id='word_1_564' title='bbox 1197 1683 1256 1728; x_wconf 88' lang='lat' dir='ltr'>ost:</span> <span class='ocrx_word' id='word_1_565' title='bbox 1274 1673 1306 1727; x_wconf 81' lang='lat' dir='ltr'>Et</span> <span class='ocrx_word' id='word_1_566' title='bbox 1322 1679 1422 1745; x_wconf 76' lang='lat' dir='ltr'>pteram</span> <span class='ocrx_word' id='word_1_567' title='bbox 1443 1678 1515 1733; x_wconf 78' lang='lat' dir='ltr'>dies¹</span> <span class='ocrx_word' id='word_1_568' title='bbox 1537 1677 1630 1735; x_wconf 83' lang='lat' dir='ltr'>Thero</span> <span class='ocrx_word' id='word_1_569' title='bbox 1646 1682 1672 1735; x_wconf 88' lang='lat' dir='ltr'>in</span> <span class='ocrx_word' id='word_1_570' title='bbox 1685 1681 1783 1737; x_wconf 83' lang='lat' dir='ltr'>Citarrn</span> 
     </span>
     <span class='ocr_line' id='line_1_76' title="bbox 995 1762 1783 1831; baseline 0.016 -17"><span class='ocrx_word' id='word_1_571' title='bbox 995 1762 1102 1831; x_wconf 74' lang='lat' dir='ltr'>oninique</span> <span class='ocrx_word' id='word_1_572' title='bbox 1124 1774 1146 1816; x_wconf 88' lang='lat' dir='ltr'>et</span> <span class='ocrx_word' id='word_1_573' title='bbox 1168 1763 1267 1818; x_wconf 86' lang='lat' dir='ltr'>ducenti</span> <span class='ocrx_word' id='word_1_574' title='bbox 1293 1767 1370 1830; x_wconf 77' lang='lat' dir='ltr'>atteri,</span> <span class='ocrx_word' id='word_1_575' title='bbox 1395 1777 1417 1821; x_wconf 85' lang='lat' dir='ltr'>et</span> <span class='ocrx_word' id='word_1_576' title='bbox 1439 1778 1552 1824; x_wconf 75' lang='lat' dir='ltr'>mortono</span> <span class='ocrx_word' id='word_1_577' title='bbox 1574 1782 1609 1824; x_wconf 81' lang='lat' dir='ltr'>est</span> <span class='ocrx_word' id='word_1_578' title='bbox 1631 1772 1657 1825; x_wconf 90' lang='lat' dir='ltr'>in</span> <span class='ocrx_word' id='word_1_579' title='bbox 1685 1770 1783 1827; x_wconf 83' lang='lat' dir='ltr'>Charra</span> 
     </span>
     <span class='ocr_line' id='line_1_77' title="bbox 997 1851 1782 1933; baseline 0.017 -28"><span class='ocrx_word' id='word_1_580' title='bbox 997 1851 1073 1922; x_wconf 81' lang='lat' dir='ltr'>(Gen.</span> <span class='ocrx_word' id='word_1_581' title='bbox 1088 1870 1124 1919; x_wconf 84' lang='grc' dir='ltr'>ιι,</span> <span class='ocrx_word' id='word_1_582' title='bbox 1137 1854 1192 1926; x_wconf 74' lang='lat'><strong>52).</strong></span> <span class='ocrx_word' id='word_1_583' title='bbox 1208 1853 1265 1910; x_wconf 86' lang='lat' dir='ltr'>Non</span> <span class='ocrx_word' id='word_1_584' title='bbox 1279 1857 1317 1910; x_wconf 92' lang='lat' dir='ltr'>sic</span> <span class='ocrx_word' id='word_1_585' title='bbox 1332 1868 1419 1912; x_wconf 91' lang='lat' dir='ltr'>autem</span> <span class='ocrx_word' id='word_1_586' title='bbox 1439 1860 1622 1930; x_wconf 88' lang='lat' dir='ltr'>accipiendum</span> <span class='ocrx_word' id='word_1_587' title='bbox 1635 1874 1685 1929; x_wconf 86' lang='lat' dir='ltr'>cst,</span> <span class='ocrx_word' id='word_1_588' title='bbox 1706 1870 1782 1933; x_wconf 80' lang='lat' dir='ltr'>quasi</span> 
     </span>
     <span class='ocr_line' id='line_1_78' title="bbox 997 1945 1784 2022; baseline 0.018 -24"><span class='ocrx_word' id='word_1_589' title='bbox 997 1959 1089 2001; x_wconf 88' lang='lat' dir='ltr'>omnes</span> <span class='ocrx_word' id='word_1_590' title='bbox 1102 1945 1150 2000; x_wconf 89' lang='lat' dir='ltr'>hos</span> <span class='ocrx_word' id='word_1_591' title='bbox 1163 1947 1221 2001; x_wconf 89' lang='lat' dir='ltr'>dies</span> <span class='ocrx_word' id='word_1_592' title='bbox 1235 1947 1270 2002; x_wconf 93' lang='lat' dir='ltr'>ibi</span> <span class='ocrx_word' id='word_1_593' title='bbox 1282 1949 1383 2016; x_wconf 86' lang='lat' dir='ltr'>egerit;</span> <span class='ocrx_word' id='word_1_594' title='bbox 1407 1951 1454 2005; x_wconf 90' lang='lat' dir='ltr'>sed</span> <span class='ocrx_word' id='word_1_595' title='bbox 1466 1952 1526 2022; x_wconf 71' lang='lat' dir='ltr'>quiin</span> <span class='ocrx_word' id='word_1_596' title='bbox 1541 1969 1634 2008; x_wconf 74' lang='lat' dir='ltr'>omncs</span> <span class='ocrx_word' id='word_1_597' title='bbox 1651 1955 1708 2012; x_wconf 87' lang='lat' dir='ltr'>dics</span> <span class='ocrx_word' id='word_1_598' title='bbox 1723 1960 1784 2012; x_wconf 70' lang='lat' dir='ltr'>viee</span> 
     </span>
     <span class='ocr_line' id='line_1_79' title="bbox 997 2035 1783 2117; baseline 0.019 -28"><span class='ocrx_word' id='word_1_599' title='bbox 997 2048 1062 2100; x_wconf 72' lang='lat' dir='ltr'>suae,</span> <span class='ocrx_word' id='word_1_600' title='bbox 1075 2036 1119 2104; x_wconf 84' lang='lat' dir='ltr'>qui</span> <span class='ocrx_word' id='word_1_601' title='bbox 1132 2035 1238 2091; x_wconf 85' lang='lat' dir='ltr'>suerunt</span> <span class='ocrx_word' id='word_1_602' title='bbox 1247 2039 1308 2092; x_wconf 88' lang='lat' dir='ltr'>anni</span> <span class='ocrx_word' id='word_1_603' title='bbox 1320 2038 1426 2094; x_wconf 86' lang='lat' dir='ltr'>ducemi</span> <span class='ocrx_word' id='word_1_604' title='bbox 1442 2043 1568 2112; x_wconf 73' lang='lat' dir='ltr'>eminane,</span> <span class='ocrx_word' id='word_1_605' title='bbox 1583 2041 1617 2100; x_wconf 84' lang='lat' dir='ltr'>i&#39;nt</span> <span class='ocrx_word' id='word_1_606' title='bbox 1631 2048 1783 2117; x_wconf 80' lang='lat' dir='ltr'>complere·</span> 
     </span>
     <span class='ocr_line' id='line_1_80' title="bbox 997 2129 1783 2204; baseline 0.014 -22"><span class='ocrx_word' id='word_1_607' title='bbox 997 2129 1056 2182; x_wconf 88' lang='lat' dir='ltr'>rit:</span> <span class='ocrx_word' id='word_1_608' title='bbox 1079 2129 1195 2199; x_wconf 82' lang='lat' dir='ltr'>alioquin</span> <span class='ocrx_word' id='word_1_609' title='bbox 1215 2133 1362 2186; x_wconf 86' lang='lat' dir='ltr'>nesciretur</span> <span class='ocrx_word' id='word_1_610' title='bbox 1384 2141 1448 2200; x_wconf 79' lang='lat' dir='ltr'>quot</span> <span class='ocrx_word' id='word_1_611' title='bbox 1468 2148 1553 2190; x_wconf 88' lang='lat' dir='ltr'>arrnos</span> <span class='ocrx_word' id='word_1_612' title='bbox 1570 2135 1664 2191; x_wconf 85' lang='lat' dir='ltr'>rixerit</span> <span class='ocrx_word' id='word_1_613' title='bbox 1686 2139 1783 2204; x_wconf 89' lang='lat' dir='ltr'>Thara,</span> 
     </span>
     <span class='ocr_line' id='line_1_81' title="bbox 997 2220 1782 2292; baseline 0.02 -21"><span class='ocrx_word' id='word_1_614' title='bbox 997 2220 1122 2288; x_wconf 83' lang='lat' dir='ltr'>quoidam</span> <span class='ocrx_word' id='word_1_615' title='bbox 1139 2236 1190 2274; x_wconf 92' lang='lat' dir='ltr'>non</span> <span class='ocrx_word' id='word_1_616' title='bbox 1201 2221 1383 2292; x_wconf 83' lang='lat' dir='ltr'>legiturquoto</span> <span class='ocrx_word' id='word_1_617' title='bbox 1396 2240 1466 2279; x_wconf 90' lang='lat' dir='ltr'>anno</span> <span class='ocrx_word' id='word_1_618' title='bbox 1478 2227 1539 2282; x_wconf 81' lang='lat' dir='ltr'>ritae</span> <span class='ocrx_word' id='word_1_619' title='bbox 1549 2244 1603 2283; x_wconf 81' lang='lat' dir='ltr'>sam</span> <span class='ocrx_word' id='word_1_620' title='bbox 1616 2229 1641 2283; x_wconf 93' lang='lat' dir='ltr'>in</span> <span class='ocrx_word' id='word_1_621' title='bbox 1654 2230 1782 2287; x_wconf 86' lang='lat' dir='ltr'>Charram</span> 
     </span>
     <span class='ocr_line' id='line_1_82' title="bbox 997 2312 1859 2394; baseline 0.019 -30"><span class='ocrx_word' id='word_1_622' title='bbox 997 2313 1113 2377; x_wconf 63' lang='lat' dir='ltr'>venerim</span> <span class='ocrx_word' id='word_1_623' title='bbox 1136 2321 1163 2367; x_wconf 89' lang='lat' dir='ltr'>et</span> <span class='ocrx_word' id='word_1_624' title='bbox 1176 2312 1317 2368; x_wconf 88' lang='lat' dir='ltr'>absurdum</span> <span class='ocrx_word' id='word_1_625' title='bbox 1333 2324 1374 2370; x_wconf 83' lang='lat' dir='ltr'>est</span> <span class='ocrx_word' id='word_1_626' title='bbox 1386 2316 1539 2374; x_wconf 84' lang='lat' dir='ltr'>existimare</span> <span class='ocrx_word' id='word_1_627' title='bbox 1552 2319 1577 2372; x_wconf 92' lang='lat' dir='ltr'>in</span> <span class='ocrx_word' id='word_1_628' title='bbox 1595 2320 1644 2374; x_wconf 88' lang='lat' dir='ltr'>ista</span> <span class='ocrx_word' id='word_1_629' title='bbox 1657 2322 1725 2376; x_wconf 91' lang='lat' dir='ltr'>serie</span> <span class='ocrx_word' id='word_1_630' title='bbox 1736 2339 1785 2394; x_wconf 88' lang='lat' dir='ltr'>gc·</span> <span class='ocrx_word' id='word_1_631' title='bbox 1856 2355 1859 2367; x_wconf 77' lang='lat'><em>‹</em></span> 
     </span>
     <span class='ocr_line' id='line_1_83' title="bbox 998 2403 1787 2480; baseline 0.018 -25"><span class='ocrx_word' id='word_1_632' title='bbox 998 2403 1175 2467; x_wconf 86' lang='lat' dir='ltr'>narationum,</span> <span class='ocrx_word' id='word_1_633' title='bbox 1188 2405 1231 2459; x_wconf 92' lang='lat' dir='ltr'>uhi</span> <span class='ocrx_word' id='word_1_634' title='bbox 1241 2404 1383 2475; x_wconf 84' lang='lat' dir='ltr'>diiigenter</span> <span class='ocrx_word' id='word_1_635' title='bbox 1396 2422 1620 2466; x_wconf 84' lang='lat' dir='ltr'>cornmcmoratnr</span> <span class='ocrx_word' id='word_1_636' title='bbox 1629 2423 1693 2480; x_wconf 75' lang='grc' dir='ltr'>«μιοι</span> <span class='ocrx_word' id='word_1_637' title='bbox 1702 2430 1787 2470; x_wconf 89' lang='lat' dir='ltr'>annos</span> 
     </span>
     <span class='ocr_line' id='line_1_84' title="bbox 998 2493 1787 2564; baseline 0.018 -17"><span class='ocrx_word' id='word_1_638' title='bbox 998 2493 1110 2562; x_wconf 78' lang='lat' dir='ltr'>quisque</span> <span class='ocrx_word' id='word_1_639' title='bbox 1121 2494 1224 2558; x_wconf 83' lang='lat' dir='ltr'>vixerit,</span> <span class='ocrx_word' id='word_1_640' title='bbox 1241 2495 1319 2564; x_wconf 81' lang='lat' dir='ltr'>hujus</span> <span class='ocrx_word' id='word_1_641' title='bbox 1334 2496 1416 2551; x_wconf 90' lang='lat' dir='ltr'>solius</span> <span class='ocrx_word' id='word_1_642' title='bbox 1430 2514 1569 2555; x_wconf 87' lang='lat' dir='ltr'>numeram</span> <span class='ocrx_word' id='word_1_643' title='bbox 1583 2519 1713 2560; x_wconf 89' lang='lat' dir='ltr'>annornm</span> <span class='ocrx_word' id='word_1_644' title='bbox 1726 2507 1787 2560; x_wconf 79' lang='lat' dir='ltr'>ribo</span> 
     </span>
     <span class='ocr_line' id='line_1_85' title="bbox 999 2585 1787 2666; baseline 0.016 -28"><span class='ocrx_word' id='word_1_645' title='bbox 999 2599 1050 2638; x_wconf 95' lang='lat' dir='ltr'>non</span> <span class='ocrx_word' id='word_1_646' title='bbox 1066 2585 1280 2640; x_wconf 90' lang='lat' dir='ltr'>commendatum</span> <span class='ocrx_word' id='word_1_647' title='bbox 1294 2602 1353 2642; x_wconf 83' lang='lat' dir='ltr'>csse</span> <span class='ocrx_word' id='word_1_648' title='bbox 1375 2591 1520 2650; x_wconf 75' lang='lat' dir='ltr'>memoria.</span> <span class='ocrx_word' id='word_1_649' title='bbox 1535 2591 1610 2658; x_wconf 78' lang='lat' dir='ltr'>Qtrod</span> <span class='ocrx_word' id='word_1_650' title='bbox 1628 2596 1698 2649; x_wconf 88' lang='lat' dir='ltr'>onim</span> <span class='ocrx_word' id='word_1_651' title='bbox 1721 2612 1787 2666; x_wconf 75' lang='lat' dir='ltr'>qaro-</span> 
     </span>
     <span class='ocr_line' id='line_1_86' title="bbox 999 2678 1786 2753; baseline 0.018 -21"><span class='ocrx_word' id='word_1_652' title='bbox 999 2678 1130 2744; x_wconf 88' lang='lat' dir='ltr'>rumdam,</span> <span class='ocrx_word' id='word_1_653' title='bbox 1145 2695 1210 2748; x_wconf 65' lang='lat' dir='ltr'>riuos</span> <span class='ocrx_word' id='word_1_654' title='bbox 1223 2679 1315 2734; x_wconf 89' lang='lat' dir='ltr'>eadem</span> <span class='ocrx_word' id='word_1_655' title='bbox 1328 2678 1464 2750; x_wconf 80' lang='lat' dir='ltr'>Scriptura</span> <span class='ocrx_word' id='word_1_656' title='bbox 1479 2697 1680 2753; x_wconf 87' lang='lat' dir='ltr'>commemorat,</span> <span class='ocrx_word' id='word_1_657' title='bbox 1695 2697 1786 2745; x_wconf 82' lang='lat' dir='ltr'>tacen-</span> 
     </span>
     <span class='ocr_line' id='line_1_87' title="bbox 1001 2769 1786 2847; baseline 0.02 -27"><span class='ocrx_word' id='word_1_658' title='bbox 1001 2777 1043 2821; x_wconf 87' lang='lat' dir='ltr'>tur</span> <span class='ocrx_word' id='word_1_659' title='bbox 1056 2769 1127 2832; x_wconf 89' lang='lat' dir='ltr'>anni,</span> <span class='ocrx_word' id='word_1_660' title='bbox 1149 2784 1202 2823; x_wconf 94' lang='lat' dir='ltr'>non</span> <span class='ocrx_word' id='word_1_661' title='bbox 1217 2779 1279 2824; x_wconf 90' lang='lat' dir='ltr'>sunt</span> <span class='ocrx_word' id='word_1_662' title='bbox 1298 2770 1324 2824; x_wconf 89' lang='lat' dir='ltr'>in</span> <span class='ocrx_word' id='word_1_663' title='bbox 1339 2770 1390 2827; x_wconf 90' lang='lat' dir='ltr'>boc</span> <span class='ocrx_word' id='word_1_664' title='bbox 1403 2770 1506 2835; x_wconf 85' lang='lat' dir='ltr'>ordine,</span> <span class='ocrx_word' id='word_1_665' title='bbox 1527 2773 1553 2829; x_wconf 93' lang='lat' dir='ltr'>in</span> <span class='ocrx_word' id='word_1_666' title='bbox 1568 2791 1620 2845; x_wconf 90' lang='lat' dir='ltr'>quo</span> <span class='ocrx_word' id='word_1_667' title='bbox 1638 2786 1786 2847; x_wconf 86' lang='lat' dir='ltr'>temporum</span> 
     </span>
     <span class='ocr_line' id='line_1_88' title="bbox 999 2857 1786 2935; baseline 0.019 -25"><span class='ocrx_word' id='word_1_668' title='bbox 999 2857 1174 2913; x_wconf 86' lang='lat' dir='ltr'>dinumeratio</span> <span class='ocrx_word' id='word_1_669' title='bbox 1188 2859 1344 2915; x_wconf 88' lang='lat' dir='ltr'>decessione</span> <span class='ocrx_word' id='word_1_670' title='bbox 1355 2862 1517 2931; x_wconf 78' lang='lat' dir='ltr'>gignentium</span> <span class='ocrx_word' id='word_1_671' title='bbox 1528 2873 1554 2919; x_wconf 91' lang='lat' dir='ltr'>et</span> <span class='ocrx_word' id='word_1_672' title='bbox 1565 2866 1713 2935; x_wconf 80' lang='lat' dir='ltr'>genitorum</span> <span class='ocrx_word' id='word_1_673' title='bbox 1728 2885 1786 2926; x_wconf 91' lang='lat' dir='ltr'>suc·</span> 
     </span>
     <span class='ocr_line' id='line_1_89' title="bbox 1000 2950 1787 3028; baseline 0.018 -25"><span class='ocrx_word' id='word_1_674' title='bbox 1000 2950 1288 3005; x_wconf 82' lang='lat' dir='ltr'>cessioneconteritnr.</span> <span class='ocrx_word' id='word_1_675' title='bbox 1308 2951 1357 3007; x_wconf 74' lang='lat' dir='ltr'>iste</span> <span class='ocrx_word' id='word_1_676' title='bbox 1374 2963 1461 3007; x_wconf 87' lang='lat' dir='ltr'>autem</span> <span class='ocrx_word' id='word_1_677' title='bbox 1475 2955 1550 3019; x_wconf 89' lang='lat' dir='ltr'>ordo,</span> <span class='ocrx_word' id='word_1_678' title='bbox 1566 2960 1609 3026; x_wconf 85' lang='lat' dir='ltr'>qni</span> <span class='ocrx_word' id='word_1_679' title='bbox 1622 2959 1744 3028; x_wconf 87' lang='lat' dir='ltr'>dirigitur</span> <span class='ocrx_word' id='word_1_680' title='bbox 1753 2963 1787 3017; x_wconf 92' lang='lat' dir='ltr'>ab</span> 
     </span>
    </p>
   </div>
   <div class='ocr_carea' id='block_1_22' title="bbox 1001 3040 1787 3191">
    <p class='ocr_par' dir='ltr' id='par_1_24' title="bbox 1001 3040 1787 3191">
     <span class='ocr_line' id='line_1_90' title="bbox 1002 3040 1787 3116; baseline 0.017 -24"><span class='ocrx_word' id='word_1_681' title='bbox 1002 3041 1084 3093; x_wconf 78' lang='lat' dir='ltr'>Adam</span> <span class='ocrx_word' id='word_1_682' title='bbox 1099 3056 1180 3109; x_wconf 83' lang='lat' dir='ltr'>usque</span> <span class='ocrx_word' id='word_1_683' title='bbox 1194 3043 1226 3094; x_wconf 86' lang='lat' dir='ltr'>ad</span> <span class='ocrx_word' id='word_1_684' title='bbox 1238 3040 1301 3103; x_wconf 88' lang='lat' dir='ltr'>Noe,</span> <span class='ocrx_word' id='word_1_685' title='bbox 1321 3051 1348 3095; x_wconf 92' lang='lat' dir='ltr'>et</span> <span class='ocrx_word' id='word_1_686' title='bbox 1360 3041 1422 3097; x_wconf 91' lang='lat' dir='ltr'>inde</span> <span class='ocrx_word' id='word_1_687' title='bbox 1433 3058 1515 3114; x_wconf 78' lang='lat' dir='ltr'>usque</span> <span class='ocrx_word' id='word_1_688' title='bbox 1527 3045 1559 3098; x_wconf 86' lang='lat' dir='ltr'>ad</span> <span class='ocrx_word' id='word_1_689' title='bbox 1574 3047 1717 3116; x_wconf 83' lang='lat' dir='ltr'>Abraham,</span> <span class='ocrx_word' id='word_1_690' title='bbox 1730 3050 1787 3106; x_wconf 88' lang='lat' dir='ltr'>sina</span> 
     </span>
     <span class='ocr_line' id='line_1_91' title="bbox 1001 3133 1679 3191; baseline 0.01 -8"><span class='ocrx_word' id='word_1_691' title='bbox 1001 3145 1111 3184; x_wconf 86' lang='lat' dir='ltr'>rrnmero</span> <span class='ocrx_word' id='word_1_692' title='bbox 1123 3145 1254 3185; x_wconf 89' lang='lat' dir='ltr'>annorum</span> <span class='ocrx_word' id='word_1_693' title='bbox 1269 3142 1395 3186; x_wconf 76' lang='lat' dir='ltr'>rhesum</span> <span class='ocrx_word' id='word_1_694' title='bbox 1409 3133 1541 3188; x_wconf 89' lang='lat' dir='ltr'>neminem</span> <span class='ocrx_word' id='word_1_695' title='bbox 1551 3136 1679 3191; x_wconf 89' lang='lat' dir='ltr'>eontinet.</span> 
     </span>
    </p>
   </div>
   <div class='ocr_carea' id='block_1_23' title="bbox 1001 3240 1799 3404">
    <p class='ocr_par' dir='ltr' id='par_1_25' title="bbox 1001 3240 1799 3404">
     <span class='ocr_line' id='line_1_92' title="bbox 1001 3240 1789 3320; baseline 0.014 -25"><span class='ocrx_word' id='word_1_696' title='bbox 1001 3240 1112 3296; x_wconf 78' lang='lat' dir='ltr'>CAPUT</span> <span class='ocrx_word' id='word_1_697' title='bbox 1129 3240 1188 3295; x_wconf 78' lang='lat' dir='ltr'>XV.</span> <span class='ocrx_word' id='word_1_698' title='bbox 1206 3271 1242 3281; x_wconf 94' lang='lat'>-</span> <span class='ocrx_word' id='word_1_699' title='bbox 1255 3241 1293 3294; x_wconf 84' lang='lat' dir='ltr'>De</span> <span class='ocrx_word' id='word_1_700' title='bbox 1306 3252 1418 3311; x_wconf 84' lang='lat' dir='ltr'>tempore</span> <span class='ocrx_word' id='word_1_701' title='bbox 1433 3246 1592 3315; x_wconf 65' lang='lat' dir='ltr'>profectionis</span> <span class='ocrx_word' id='word_1_702' title='bbox 1607 3247 1723 3314; x_wconf 75' lang='lat' dir='ltr'>diretta,</span> <span class='ocrx_word' id='word_1_703' title='bbox 1739 3267 1789 3320; x_wconf 80' lang='lat' dir='ltr'>qno</span> 
     </span>
     <span class='ocr_line' id='line_1_93' title="bbox 1093 3331 1799 3404; baseline 0.01 -20"><span class='ocrx_word' id='word_1_704' title='bbox 1093 3331 1231 3385; x_wconf 79' lang='lat' dir='ltr'>secandam</span> <span class='ocrx_word' id='word_1_705' title='bbox 1244 3343 1394 3400; x_wconf 78' lang='lat' dir='ltr'>preceptum</span> <span class='ocrx_word' id='word_1_706' title='bbox 1407 3331 1456 3387; x_wconf 86' lang='lat' dir='ltr'>Dot&#39;</span> <span class='ocrx_word' id='word_1_707' title='bbox 1467 3335 1526 3388; x_wconf 77' lang='lat' dir='ltr'>exiit</span> <span class='ocrx_word' id='word_1_708' title='bbox 1539 3335 1571 3388; x_wconf 89' lang='lat' dir='ltr'>de</span> <span class='ocrx_word' id='word_1_709' title='bbox 1584 3336 1700 3404; x_wconf 51' lang='lat' dir='ltr'>Charra„</span> <span class='ocrx_word' id='word_1_710' title='bbox 1796 3394 1799 3399; x_wconf 58' lang='grc'>,</span> 
     </span>
    </p>
   </div>
   <div class='ocr_carea' id='block_1_24' title="bbox 1002 3442 1837 5618">
    <p class='ocr_par' dir='ltr' id='par_1_26' title="bbox 1002 3442 1837 5618">
     <span class='ocr_line' id='line_1_94' title="bbox 1038 3442 1790 3520; baseline 0.015 -23"><span class='ocrx_word' id='word_1_711' title='bbox 1038 3444 1063 3497; x_wconf 83' lang='grc' dir='ltr'>Ι.</span> <span class='ocrx_word' id='word_1_712' title='bbox 1078 3442 1153 3511; x_wconf 79' lang='lat' dir='ltr'>Quod</span> <span class='ocrx_word' id='word_1_713' title='bbox 1176 3459 1246 3508; x_wconf 84' lang='lat' dir='ltr'>roro,</span> <span class='ocrx_word' id='word_1_714' title='bbox 1270 3455 1476 3498; x_wconf 86' lang='lat' dir='ltr'>cornrnemorata</span> <span class='ocrx_word' id='word_1_715' title='bbox 1491 3457 1576 3502; x_wconf 91' lang='lat' dir='ltr'>morte</span> <span class='ocrx_word' id='word_1_716' title='bbox 1595 3449 1688 3504; x_wconf 77' lang='lat' dir='ltr'>Tharne</span> <span class='ocrx_word' id='word_1_717' title='bbox 1708 3455 1790 3520; x_wconf 85' lang='lat' dir='ltr'>patris</span> 
     </span>
     <span class='ocr_line' id='line_1_95' title="bbox 1002 3534 1788 3610; baseline 0.015 -23"><span class='ocrx_word' id='word_1_718' title='bbox 1002 3535 1145 3600; x_wconf 83' lang='lat' dir='ltr'>Abraham,</span> <span class='ocrx_word' id='word_1_719' title='bbox 1157 3534 1251 3590; x_wconf 84' lang='lat' dir='ltr'>deinde</span> <span class='ocrx_word' id='word_1_720' title='bbox 1260 3535 1365 3603; x_wconf 83' lang='lat' dir='ltr'>legitur,</span> <span class='ocrx_word' id='word_1_721' title='bbox 1383 3535 1414 3588; x_wconf 86' lang='grc' dir='ltr'>Ει</span> <span class='ocrx_word' id='word_1_722' title='bbox 1428 3536 1491 3590; x_wconf 80' lang='lat' dir='ltr'>dixit</span> <span class='ocrx_word' id='word_1_723' title='bbox 1505 3537 1625 3594; x_wconf 86' lang='lat' dir='ltr'>Dantinnr</span> <span class='ocrx_word' id='word_1_724' title='bbox 1639 3541 1673 3595; x_wconf 86' lang='lat' dir='ltr'>od</span> <span class='ocrx_word' id='word_1_725' title='bbox 1684 3543 1788 3610; x_wconf 82' lang='lat' dir='ltr'>dbrorn,</span> 
     </span>
     <span class='ocr_line' id='line_1_96' title="bbox 1003 3626 1791 3705; baseline 0.013 -25"><span class='ocrx_word' id='word_1_726' title='bbox 1003 3627 1053 3681; x_wconf 72' lang='lat' dir='ltr'>Exi</span> <span class='ocrx_word' id='word_1_727' title='bbox 1065 3627 1171 3681; x_wconf 82' lang='lat' dir='ltr'>deterre</span> <span class='ocrx_word' id='word_1_728' title='bbox 1183 3637 1236 3692; x_wconf 88' lang='lat' dir='ltr'>too,</span> <span class='ocrx_word' id='word_1_729' title='bbox 1250 3636 1272 3680; x_wconf 91' lang='grc' dir='ltr'>ιι</span> <span class='ocrx_word' id='word_1_730' title='bbox 1283 3626 1470 3696; x_wconf 78' lang='lat' dir='ltr'>dampnatione</span> <span class='ocrx_word' id='word_1_731' title='bbox 1482 3639 1535 3695; x_wconf 89' lang='lat' dir='ltr'>tna,</span> <span class='ocrx_word' id='word_1_732' title='bbox 1549 3640 1572 3683; x_wconf 84' lang='lat' dir='ltr'>et</span> <span class='ocrx_word' id='word_1_733' title='bbox 1581 3631 1612 3684; x_wconf 86' lang='lat' dir='ltr'>da</span> <span class='ocrx_word' id='word_1_734' title='bbox 1625 3635 1699 3687; x_wconf 88' lang='lat' dir='ltr'>danto</span> <span class='ocrx_word' id='word_1_735' title='bbox 1712 3638 1791 3705; x_wconf 80' lang='lat' dir='ltr'>patris</span> 
     </span>
     <span class='ocr_line' id='line_1_97' title="bbox 1003 3718 1791 3790; baseline 0.015 -20"><span class='ocrx_word' id='word_1_736' title='bbox 1003 3720 1048 3783; x_wconf 85' lang='lat' dir='ltr'>rai,</span> <span class='ocrx_word' id='word_1_737' title='bbox 1064 3726 1091 3774; x_wconf 92' lang='lat' dir='ltr'>et</span> <span class='ocrx_word' id='word_1_738' title='bbox 1107 3731 1222 3783; x_wconf 67' lang='lat' dir='ltr'>caerem</span> <span class='ocrx_word' id='word_1_739' title='bbox 1244 3733 1295 3772; x_wconf 94' lang='lat' dir='ltr'>non</span> <span class='ocrx_word' id='word_1_740' title='bbox 1309 3719 1369 3787; x_wconf 85' lang='lat' dir='ltr'>quia</span> <span class='ocrx_word' id='word_1_741' title='bbox 1389 3718 1441 3774; x_wconf 90' lang='lat' dir='ltr'>boc</span> <span class='ocrx_word' id='word_1_742' title='bbox 1452 3722 1570 3790; x_wconf 83' lang='lat' dir='ltr'>sequitur</span> <span class='ocrx_word' id='word_1_743' title='bbox 1585 3724 1611 3777; x_wconf 90' lang='lat' dir='ltr'>in</span> <span class='ocrx_word' id='word_1_744' title='bbox 1622 3738 1745 3782; x_wconf 88' lang='lat' dir='ltr'>sermone</span> <span class='ocrx_word' id='word_1_745' title='bbox 1757 3727 1791 3782; x_wconf 90' lang='lat' dir='ltr'>li·</span> 
     </span>
     <span class='ocr_line' id='line_1_98' title="bbox 1004 3801 1791 3888; baseline 0.013 -24"><span class='ocrx_word' id='word_1_746' title='bbox 1004 3801 1053 3875; x_wconf 83' lang='lat' dir='ltr'>hri,</span> <span class='ocrx_word' id='word_1_747' title='bbox 1082 3810 1132 3865; x_wconf 90' lang='lat' dir='ltr'>boc</span> <span class='ocrx_word' id='word_1_748' title='bbox 1158 3811 1236 3863; x_wconf 89' lang='lat' dir='ltr'>ctiam</span> <span class='ocrx_word' id='word_1_749' title='bbox 1262 3811 1287 3863; x_wconf 90' lang='lat' dir='ltr'>in</span> <span class='ocrx_word' id='word_1_750' title='bbox 1310 3826 1398 3864; x_wconf 89' lang='lat' dir='ltr'>rerum</span> <span class='ocrx_word' id='word_1_751' title='bbox 1418 3821 1552 3880; x_wconf 85' lang='lat' dir='ltr'>gestarum</span> <span class='ocrx_word' id='word_1_752' title='bbox 1575 3824 1694 3886; x_wconf 88' lang='lat' dir='ltr'>tempore</span> <span class='ocrx_word' id='word_1_753' title='bbox 1716 3819 1791 3888; x_wconf 85' lang='lat' dir='ltr'>sequi</span> 
     </span>
     <span class='ocr_line' id='line_1_99' title="bbox 1004 3900 1792 3970; baseline 0.011 -14"><span class='ocrx_word' id='word_1_754' title='bbox 1004 3901 1206 3956; x_wconf 79' lang='lat' dir='ltr'>existimandum</span> <span class='ocrx_word' id='word_1_755' title='bbox 1219 3910 1268 3955; x_wconf 85' lang='lat' dir='ltr'>est.</span> <span class='ocrx_word' id='word_1_756' title='bbox 1290 3900 1348 3955; x_wconf 86' lang='lat' dir='ltr'>Erit</span> <span class='ocrx_word' id='word_1_757' title='bbox 1359 3902 1466 3970; x_wconf 79' lang='lat' dir='ltr'>quippe,</span> <span class='ocrx_word' id='word_1_758' title='bbox 1489 3905 1511 3957; x_wconf 91' lang='lat' dir='ltr'>si</span> <span class='ocrx_word' id='word_1_759' title='bbox 1525 3905 1559 3958; x_wconf 91' lang='lat' dir='ltr'>ita</span> <span class='ocrx_word' id='word_1_760' title='bbox 1576 3915 1627 3969; x_wconf 85' lang='lat' dir='ltr'>est,</span> <span class='ocrx_word' id='word_1_761' title='bbox 1644 3907 1792 3965; x_wconf 83' lang='lat' dir='ltr'>insolubilis</span> 
     </span>
     <span class='ocr_line' id='line_1_100' title="bbox 1004 3992 1791 4064; baseline 0.011 -17"><span class='ocrx_word' id='word_1_762' title='bbox 1004 3994 1123 4064; x_wconf 76' lang='lat' dir='ltr'>quastio.</span> <span class='ocrx_word' id='word_1_763' title='bbox 1139 3992 1202 4046; x_wconf 81' lang='lat' dir='ltr'>Post</span> <span class='ocrx_word' id='word_1_764' title='bbox 1214 3992 1271 4046; x_wconf 83' lang='lat' dir='ltr'>hmo</span> <span class='ocrx_word' id='word_1_765' title='bbox 1285 3993 1355 4047; x_wconf 90' lang='lat' dir='ltr'>enirn</span> <span class='ocrx_word' id='word_1_766' title='bbox 1370 3993 1448 4047; x_wconf 90' lang='lat' dir='ltr'>rerba</span> <span class='ocrx_word' id='word_1_767' title='bbox 1464 3993 1519 4059; x_wconf 79' lang='lat' dir='ltr'>uei,</span> <span class='ocrx_word' id='word_1_768' title='bbox 1541 4010 1600 4064; x_wconf 77' lang='lat' dir='ltr'>nitu</span> <span class='ocrx_word' id='word_1_769' title='bbox 1612 3997 1645 4050; x_wconf 91' lang='lat' dir='ltr'>ad</span> <span class='ocrx_word' id='word_1_770' title='bbox 1659 3999 1791 4056; x_wconf 86' lang='lat' dir='ltr'>hbraham</span> 
     </span>
     <span class='ocr_line' id='line_1_101' title="bbox 1004 4083 1790 4154; baseline 0.006 -15"><span class='ocrx_word' id='word_1_771' title='bbox 1004 4085 1071 4139; x_wconf 85' lang='lat' dir='ltr'>iacta</span> <span class='ocrx_word' id='word_1_772' title='bbox 1091 4095 1163 4146; x_wconf 80' lang='lat' dir='ltr'>sam,</span> <span class='ocrx_word' id='word_1_773' title='bbox 1183 4083 1318 4152; x_wconf 84' lang='lat' dir='ltr'>Scriptura</span> <span class='ocrx_word' id='word_1_774' title='bbox 1336 4083 1374 4137; x_wconf 91' lang='lat' dir='ltr'>sie</span> <span class='ocrx_word' id='word_1_775' title='bbox 1395 4083 1531 4154; x_wconf 84' lang='lat' dir='ltr'>loquitur:</span> <span class='ocrx_word' id='word_1_776' title='bbox 1554 4084 1587 4140; x_wconf 78' lang='lat' dir='ltr'>Et</span> <span class='ocrx_word' id='word_1_777' title='bbox 1606 4089 1664 4142; x_wconf 80' lang='lat' dir='ltr'>exiit</span> <span class='ocrx_word' id='word_1_778' title='bbox 1686 4090 1790 4153; x_wconf 82' lang='lat' dir='ltr'>dbranr,</span> 
     </span>
     <span class='ocr_line' id='line_1_102' title="bbox 1005 4175 1793 4247; baseline 0.016 -19"><span class='ocrx_word' id='word_1_779' title='bbox 1005 4176 1213 4247; x_wconf 83' lang='lat' dir='ltr'>qrrentadmodnm</span> <span class='ocrx_word' id='word_1_780' title='bbox 1226 4175 1323 4229; x_wconf 83' lang='lat' dir='ltr'>iocatur</span> <span class='ocrx_word' id='word_1_781' title='bbox 1340 4186 1376 4230; x_wconf 81' lang='lat' dir='ltr'>est</span> <span class='ocrx_word' id='word_1_782' title='bbox 1390 4176 1428 4230; x_wconf 88' lang='lat' dir='ltr'>tttt</span> <span class='ocrx_word' id='word_1_783' title='bbox 1442 4176 1576 4245; x_wconf 80' lang='lat' dir='ltr'>Dominae,</span> <span class='ocrx_word' id='word_1_784' title='bbox 1594 4193 1616 4234; x_wconf 89' lang='grc' dir='ltr'>ιι</span> <span class='ocrx_word' id='word_1_785' title='bbox 1628 4183 1688 4236; x_wconf 89' lang='lat' dir='ltr'>ohiit</span> <span class='ocrx_word' id='word_1_786' title='bbox 1698 4201 1754 4238; x_wconf 84' lang='lat' dir='ltr'>cam</span> <span class='ocrx_word' id='word_1_787' title='bbox 1764 4202 1793 4241; x_wconf 86' lang='lat' dir='ltr'>eo</span> 
     </span>
     <span class='ocr_line' id='line_1_103' title="bbox 1008 4266 1792 4341; baseline 0.017 -23"><span class='ocrx_word' id='word_1_788' title='bbox 1008 4266 1063 4320; x_wconf 86' lang='lat' dir='ltr'>Lot.</span> <span class='ocrx_word' id='word_1_789' title='bbox 1075 4266 1166 4318; x_wconf 86' lang='lat' dir='ltr'>hbrnrn</span> <span class='ocrx_word' id='word_1_790' title='bbox 1175 4277 1259 4318; x_wconf 87' lang='lat' dir='ltr'>antem</span> <span class='ocrx_word' id='word_1_791' title='bbox 1269 4277 1322 4319; x_wconf 88' lang='lat' dir='ltr'>erat</span> <span class='ocrx_word' id='word_1_792' title='bbox 1335 4267 1442 4338; x_wconf 82' lang='lat' dir='ltr'>oninqnc</span> <span class='ocrx_word' id='word_1_793' title='bbox 1455 4278 1477 4321; x_wconf 92' lang='lat' dir='ltr'>et</span> <span class='ocrx_word' id='word_1_794' title='bbox 1490 4273 1646 4341; x_wconf 76' lang='lat' dir='ltr'>septuaginta</span> <span class='ocrx_word' id='word_1_795' title='bbox 1657 4292 1792 4340; x_wconf 78' lang='lat' dir='ltr'>unitorum,</span> 
     </span>
     <span class='ocr_line' id='line_1_104' title="bbox 1006 4353 1794 4433; baseline 0.014 -24"><span class='ocrx_word' id='word_1_796' title='bbox 1006 4374 1063 4410; x_wconf 87' lang='lat' dir='ltr'>cnm</span> <span class='ocrx_word' id='word_1_797' title='bbox 1083 4357 1141 4409; x_wconf 77' lang='lat' dir='ltr'>exiit</span> <span class='ocrx_word' id='word_1_798' title='bbox 1160 4372 1192 4409; x_wconf 81' lang='lat' dir='ltr'>ea</span> <span class='ocrx_word' id='word_1_799' title='bbox 1210 4353 1307 4409; x_wconf 83' lang='lat' dir='ltr'>Charra</span> <span class='ocrx_word' id='word_1_800' title='bbox 1327 4357 1380 4426; x_wconf 87' lang='lat' dir='ltr'>(id.</span> <span class='ocrx_word' id='word_1_801' title='bbox 1398 4375 1444 4424; x_wconf 87' lang='grc' dir='ltr'>ιιι,</span> <span class='ocrx_word' id='word_1_802' title='bbox 1457 4360 1483 4422; x_wconf 85' lang='lat' dir='ltr'>i,</span> <span class='ocrx_word' id='word_1_803' title='bbox 1498 4361 1535 4429; x_wconf 76' lang='lat' dir='ltr'>i).</span> <span class='ocrx_word' id='word_1_804' title='bbox 1557 4362 1695 4429; x_wconf 83' lang='lat' dir='ltr'>Qutnnodo</span> <span class='ocrx_word' id='word_1_805' title='bbox 1708 4377 1794 4433; x_wconf 71' lang='lat' dir='ltr'>potest</span> 
     </span>
     <span class='ocr_line' id='line_1_105' title="bbox 1007 4448 1794 4517; baseline 0.017 -18"><span class='ocrx_word' id='word_1_806' title='bbox 1007 4448 1057 4501; x_wconf 91' lang='lat' dir='ltr'>hoc</span> <span class='ocrx_word' id='word_1_807' title='bbox 1076 4463 1166 4501; x_wconf 82' lang='lat' dir='ltr'>reruni</span> <span class='ocrx_word' id='word_1_808' title='bbox 1181 4461 1250 4511; x_wconf 88' lang='lat' dir='ltr'>esse,</span> <span class='ocrx_word' id='word_1_809' title='bbox 1268 4449 1290 4500; x_wconf 92' lang='lat' dir='ltr'>si</span> <span class='ocrx_word' id='word_1_810' title='bbox 1312 4456 1371 4516; x_wconf 90' lang='lat' dir='ltr'>post</span> <span class='ocrx_word' id='word_1_811' title='bbox 1392 4462 1503 4505; x_wconf 89' lang='lat' dir='ltr'>mortem</span> <span class='ocrx_word' id='word_1_812' title='bbox 1525 4455 1605 4517; x_wconf 74' lang='lat' dir='ltr'>pratris</span> <span class='ocrx_word' id='word_1_813' title='bbox 1624 4455 1665 4509; x_wconf 93' lang='lat' dir='ltr'>sui</span> <span class='ocrx_word' id='word_1_814' title='bbox 1682 4455 1746 4510; x_wconf 83' lang='lat' dir='ltr'>exiit</span> <span class='ocrx_word' id='word_1_815' title='bbox 1761 4457 1794 4512; x_wconf 92' lang='lat' dir='ltr'>do</span> 
     </span>
     <span class='ocr_line' id='line_1_106' title="bbox 1007 4537 1792 4614; baseline 0.009 -21"><span class='ocrx_word' id='word_1_816' title='bbox 1007 4538 1128 4593; x_wconf 78' lang='lat' dir='ltr'>Charra?</span> <span class='ocrx_word' id='word_1_817' title='bbox 1141 4537 1206 4591; x_wconf 88' lang='lat' dir='ltr'>Cum</span> <span class='ocrx_word' id='word_1_818' title='bbox 1215 4538 1285 4591; x_wconf 87' lang='lat' dir='ltr'>enim</span> <span class='ocrx_word' id='word_1_819' title='bbox 1298 4548 1369 4593; x_wconf 85' lang='lat' dir='ltr'>esset</span> <span class='ocrx_word' id='word_1_820' title='bbox 1378 4538 1463 4594; x_wconf 81' lang='lat' dir='ltr'>Titana</span> <span class='ocrx_word' id='word_1_821' title='bbox 1475 4543 1639 4612; x_wconf 83' lang='lat' dir='ltr'>septuaginta</span> <span class='ocrx_word' id='word_1_822' title='bbox 1651 4561 1792 4614; x_wconf 79' lang='lat' dir='ltr'>urinarum,</span> 
     </span>
     <span class='ocr_line' id='line_1_107' title="bbox 1008 4630 1795 4702; baseline 0.008 -17"><span class='ocrx_word' id='word_1_823' title='bbox 1008 4633 1075 4685; x_wconf 88' lang='lat' dir='ltr'>sient</span> <span class='ocrx_word' id='word_1_824' title='bbox 1089 4646 1168 4700; x_wconf 87' lang='lat' dir='ltr'>supra</span> <span class='ocrx_word' id='word_1_825' title='bbox 1188 4630 1337 4685; x_wconf 89' lang='lat' dir='ltr'>intimatum</span> <span class='ocrx_word' id='word_1_826' title='bbox 1351 4642 1403 4699; x_wconf 92' lang='lat' dir='ltr'>est,</span> <span class='ocrx_word' id='word_1_827' title='bbox 1417 4636 1508 4702; x_wconf 90' lang='lat' dir='ltr'>gennit</span> <span class='ocrx_word' id='word_1_828' title='bbox 1521 4636 1651 4689; x_wconf 75' lang='lat' dir='ltr'>Abraham</span> <span class='ocrx_word' id='word_1_829' title='bbox 1666 4652 1673 4689; x_wconf 90' lang='lat'>:</span> <span class='ocrx_word' id='word_1_830' title='bbox 1689 4639 1731 4691; x_wconf 89' lang='lat' dir='ltr'>cni</span> <span class='ocrx_word' id='word_1_831' title='bbox 1744 4654 1795 4691; x_wconf 90' lang='lat' dir='ltr'>nu-</span> 
     </span>
     <span class='ocr_line' id='line_1_108' title="bbox 1009 4724 1796 4797; baseline 0.005 -20"><span class='ocrx_word' id='word_1_832' title='bbox 1009 4741 1083 4779; x_wconf 88' lang='lat' dir='ltr'>mero</span> <span class='ocrx_word' id='word_1_833' title='bbox 1102 4724 1198 4778; x_wconf 87' lang='lat' dir='ltr'>additis</span> <span class='ocrx_word' id='word_1_834' title='bbox 1214 4724 1377 4792; x_wconf 85' lang='lat' dir='ltr'>septuaginta</span> <span class='ocrx_word' id='word_1_835' title='bbox 1393 4727 1508 4794; x_wconf 80' lang='lat' dir='ltr'>quintprc</span> <span class='ocrx_word' id='word_1_836' title='bbox 1520 4728 1605 4790; x_wconf 89' lang='lat' dir='ltr'>annis,</span> <span class='ocrx_word' id='word_1_837' title='bbox 1626 4729 1796 4797; x_wconf 66' lang='lat' dir='ltr'>transagehot</span> 
     </span>
     <span class='ocr_line' id='line_1_109' title="bbox 1010 4813 1795 4884; baseline 0.004 -16"><span class='ocrx_word' id='word_1_838' title='bbox 1010 4814 1152 4879; x_wconf 88' lang='lat' dir='ltr'>hhraham,</span> <span class='ocrx_word' id='word_1_839' title='bbox 1167 4814 1273 4884; x_wconf 86' lang='lat' dir='ltr'>quando</span> <span class='ocrx_word' id='word_1_840' title='bbox 1287 4829 1408 4881; x_wconf 88' lang='lat' dir='ltr'>egressus</span> <span class='ocrx_word' id='word_1_841' title='bbox 1422 4822 1464 4869; x_wconf 88' lang='lat' dir='ltr'>est</span> <span class='ocrx_word' id='word_1_842' title='bbox 1482 4815 1515 4867; x_wconf 90' lang='lat' dir='ltr'>de</span> <span class='ocrx_word' id='word_1_843' title='bbox 1527 4813 1636 4879; x_wconf 85' lang='lat' dir='ltr'>Charra,</span> <span class='ocrx_word' id='word_1_844' title='bbox 1654 4817 1719 4870; x_wconf 89' lang='lat' dir='ltr'>hunt</span> <span class='ocrx_word' id='word_1_845' title='bbox 1732 4819 1795 4873; x_wconf 91' lang='lat' dir='ltr'>anni</span> 
     </span>
     <span class='ocr_line' id='line_1_110' title="bbox 1010 4905 1794 4975; baseline 0.005 -16"><span class='ocrx_word' id='word_1_846' title='bbox 1010 4914 1114 4960; x_wconf 74' lang='lat' dir='ltr'>carritum</span> <span class='ocrx_word' id='word_1_847' title='bbox 1138 4905 1310 4975; x_wconf 86' lang='lat' dir='ltr'>quadraginta</span> <span class='ocrx_word' id='word_1_848' title='bbox 1335 4906 1460 4974; x_wconf 81' lang='lat' dir='ltr'>quinque.</span> <span class='ocrx_word' id='word_1_849' title='bbox 1491 4905 1541 4959; x_wconf 88' lang='lat' dir='ltr'>Tot</span> <span class='ocrx_word' id='word_1_850' title='bbox 1565 4906 1643 4975; x_wconf 91' lang='lat' dir='ltr'>igitur</span> <span class='ocrx_word' id='word_1_851' title='bbox 1665 4921 1794 4963; x_wconf 89' lang='lat' dir='ltr'>annorum</span> 
     </span>
     <span class='ocr_line' id='line_1_111' title="bbox 1010 4995 1796 5067; baseline 0 -16"><span class='ocrx_word' id='word_1_852' title='bbox 1010 5005 1068 5052; x_wconf 88' lang='lat' dir='ltr'>erat</span> <span class='ocrx_word' id='word_1_853' title='bbox 1081 4997 1179 5059; x_wconf 82' lang='lat' dir='ltr'>Thara,</span> <span class='ocrx_word' id='word_1_854' title='bbox 1199 4996 1304 5064; x_wconf 82' lang='lat' dir='ltr'>quando</span> <span class='ocrx_word' id='word_1_855' title='bbox 1317 4996 1382 5050; x_wconf 82' lang='lat' dir='ltr'>exiit</span> <span class='ocrx_word' id='word_1_856' title='bbox 1396 4995 1528 5049; x_wconf 81' lang='lat' dir='ltr'>Abraham</span> <span class='ocrx_word' id='word_1_857' title='bbox 1545 4996 1578 5050; x_wconf 90' lang='lat' dir='ltr'>de</span> <span class='ocrx_word' id='word_1_858' title='bbox 1591 4996 1635 5050; x_wconf 85' lang='lat' dir='ltr'>tha</span> <span class='ocrx_word' id='word_1_859' title='bbox 1646 4997 1796 5067; x_wconf 86' lang='lat' dir='ltr'>hiesopota-</span> 
     </span>
     <span class='ocr_line' id='line_1_112' title="bbox 1012 5087 1798 5159; baseline 0.001 -16"><span class='ocrx_word' id='word_1_860' title='bbox 1012 5091 1071 5143; x_wconf 75' lang='lat' dir='ltr'>miae</span> <span class='ocrx_word' id='word_1_861' title='bbox 1083 5089 1205 5144; x_wconf 79' lang='lat' dir='ltr'>civitate:</span> <span class='ocrx_word' id='word_1_862' title='bbox 1221 5087 1314 5149; x_wconf 79' lang='lat' dir='ltr'>agebat</span> <span class='ocrx_word' id='word_1_863' title='bbox 1328 5087 1397 5138; x_wconf 89' lang='lat' dir='ltr'>enim</span> <span class='ocrx_word' id='word_1_864' title='bbox 1411 5101 1509 5139; x_wconf 88' lang='lat' dir='ltr'>annom</span> <span class='ocrx_word' id='word_1_865' title='bbox 1523 5088 1608 5140; x_wconf 85' lang='lat' dir='ltr'>aetatis</span> <span class='ocrx_word' id='word_1_866' title='bbox 1621 5102 1676 5141; x_wconf 73' lang='lat' dir='ltr'>suae</span> <span class='ocrx_word' id='word_1_867' title='bbox 1690 5099 1798 5159; x_wconf 85' lang='lat' dir='ltr'>septua-</span> 
     </span>
     <span class='ocr_line' id='line_1_113' title="bbox 1011 5175 1797 5251; baseline 0 -16"><span class='ocrx_word' id='word_1_868' title='bbox 1011 5181 1139 5251; x_wconf 88' lang='lat' dir='ltr'>gesimum</span> <span class='ocrx_word' id='word_1_869' title='bbox 1155 5181 1294 5248; x_wconf 81' lang='lat' dir='ltr'>quintam3</span> <span class='ocrx_word' id='word_1_870' title='bbox 1315 5191 1346 5230; x_wconf 89' lang='lat' dir='ltr'>ac</span> <span class='ocrx_word' id='word_1_871' title='bbox 1360 5191 1405 5245; x_wconf 91' lang='lat' dir='ltr'>per</span> <span class='ocrx_word' id='word_1_872' title='bbox 1418 5175 1468 5230; x_wconf 91' lang='lat' dir='ltr'>boe</span> <span class='ocrx_word' id='word_1_873' title='bbox 1489 5188 1563 5247; x_wconf 86' lang='lat' dir='ltr'>pater</span> <span class='ocrx_word' id='word_1_874' title='bbox 1580 5179 1648 5246; x_wconf 83' lang='lat' dir='ltr'>ejus,</span> <span class='ocrx_word' id='word_1_875' title='bbox 1667 5179 1711 5248; x_wconf 80' lang='lat' dir='ltr'>qui</span> <span class='ocrx_word' id='word_1_876' title='bbox 1735 5196 1797 5235; x_wconf 90' lang='lat' dir='ltr'>curn</span> 
     </span>
     <span class='ocr_line' id='line_1_114' title="bbox 1012 5270 1837 5344; baseline -0.001 -17"><span class='ocrx_word' id='word_1_877' title='bbox 1012 5272 1206 5344; x_wconf 86' lang='lat' dir='ltr'>septuagesimo</span> <span class='ocrx_word' id='word_1_878' title='bbox 1227 5284 1297 5324; x_wconf 92' lang='lat' dir='ltr'>anno</span> <span class='ocrx_word' id='word_1_879' title='bbox 1315 5284 1364 5323; x_wconf 89' lang='lat' dir='ltr'>sno</span> <span class='ocrx_word' id='word_1_880' title='bbox 1380 5278 1515 5339; x_wconf 80' lang='lat' dir='ltr'>genuerat,</span> <span class='ocrx_word' id='word_1_881' title='bbox 1531 5270 1635 5339; x_wconf 86' lang='lat' dir='ltr'>agebat,</span> <span class='ocrx_word' id='word_1_882' title='bbox 1657 5279 1686 5325; x_wconf 90' lang='lat' dir='ltr'>ut</span> <span class='ocrx_word' id='word_1_883' title='bbox 1697 5270 1797 5327; x_wconf 89' lang='lat' dir='ltr'>dictnm</span> <span class='ocrx_word' id='word_1_884' title='bbox 1833 5295 1837 5306; x_wconf 43' lang='lat' dir='ltr'>a</span> 
     </span>
     <span class='ocr_line' id='line_1_115' title="bbox 1012 5359 1798 5433; baseline -0.008 -14"><span class='ocrx_word' id='word_1_885' title='bbox 1012 5374 1064 5430; x_wconf 88' lang='lat' dir='ltr'>cst,</span> <span class='ocrx_word' id='word_1_886' title='bbox 1072 5363 1243 5419; x_wconf 86' lang='lat' dir='ltr'>centesimum</span> <span class='ocrx_word' id='word_1_887' title='bbox 1253 5359 1480 5430; x_wconf 80' lang='lat' dir='ltr'>quadragesimum</span> <span class='ocrx_word' id='word_1_888' title='bbox 1491 5370 1517 5415; x_wconf 91' lang='lat' dir='ltr'>et</span> <span class='ocrx_word' id='word_1_889' title='bbox 1526 5363 1657 5430; x_wconf 84' lang='lat' dir='ltr'>quintum.</span> <span class='ocrx_word' id='word_1_890' title='bbox 1669 5362 1725 5416; x_wconf 90' lang='lat' dir='ltr'>Non</span> <span class='ocrx_word' id='word_1_891' title='bbox 1734 5379 1798 5433; x_wconf 83' lang='lat' dir='ltr'>crgo</span> 
     </span>
     <span class='ocr_line' id='line_1_116' title="bbox 1015 5452 1797 5523; baseline -0.003 -13"><span class='ocrx_word' id='word_1_892' title='bbox 1015 5456 1075 5510; x_wconf 91' lang='lat' dir='ltr'>inde</span> <span class='ocrx_word' id='word_1_893' title='bbox 1084 5463 1143 5523; x_wconf 87' lang='lat' dir='ltr'>post</span> <span class='ocrx_word' id='word_1_894' title='bbox 1155 5462 1267 5507; x_wconf 87' lang='lat' dir='ltr'>mortem</span> <span class='ocrx_word' id='word_1_895' title='bbox 1278 5452 1369 5522; x_wconf 89' lang='lat' dir='ltr'>patris,</span> <span class='ocrx_word' id='word_1_896' title='bbox 1385 5453 1409 5506; x_wconf 95' lang='lat' dir='ltr'>id</span> <span class='ocrx_word' id='word_1_897' title='bbox 1424 5461 1464 5505; x_wconf 88' lang='lat' dir='ltr'>est</span> <span class='ocrx_word' id='word_1_898' title='bbox 1474 5462 1533 5520; x_wconf 90' lang='lat' dir='ltr'>post</span> <span class='ocrx_word' id='word_1_899' title='bbox 1545 5453 1673 5508; x_wconf 81' lang='lat' dir='ltr'>ducentos</span> <span class='ocrx_word' id='word_1_900' title='bbox 1681 5453 1797 5523; x_wconf 80' lang='lat' dir='ltr'>girinqne</span> 
     </span>
     <span class='ocr_line' id='line_1_117' title="bbox 1013 5544 1799 5618; baseline -0.009 -14"><span class='ocrx_word' id='word_1_901' title='bbox 1013 5564 1106 5611; x_wconf 78' lang='lat' dir='ltr'>aranos,</span> <span class='ocrx_word' id='word_1_902' title='bbox 1117 5547 1213 5618; x_wconf 83' lang='lat' dir='ltr'>quibus</span> <span class='ocrx_word' id='word_1_903' title='bbox 1224 5555 1296 5614; x_wconf 88' lang='lat' dir='ltr'>pater</span> <span class='ocrx_word' id='word_1_904' title='bbox 1306 5544 1363 5614; x_wconf 84' lang='lat' dir='ltr'>ejas</span> <span class='ocrx_word' id='word_1_905' title='bbox 1371 5544 1444 5608; x_wconf 75' lang='lat' dir='ltr'>risit,</span> <span class='ocrx_word' id='word_1_906' title='bbox 1455 5559 1577 5615; x_wconf 84' lang='lat' dir='ltr'>egressus</span> <span class='ocrx_word' id='word_1_907' title='bbox 1587 5555 1629 5600; x_wconf 91' lang='lat' dir='ltr'>cst</span> <span class='ocrx_word' id='word_1_908' title='bbox 1639 5562 1646 5598; x_wconf 80' lang='grc' dir='ltr'>ι</span> <span class='ocrx_word' id='word_1_909' title='bbox 1658 5545 1704 5599; x_wconf 90' lang='lat' dir='ltr'>sed</span> <span class='ocrx_word' id='word_1_910' title='bbox 1714 5561 1799 5599; x_wconf 81' lang='lat' dir='ltr'>aaran</span> 
     </span>
    </p>
   </div>
   <div class='ocr_carea' id='block_1_25' title="bbox 1013 5719 1801 5848">
    <p class='ocr_par' dir='ltr' id='par_1_27' title="bbox 1013 5719 1801 5848">
     <span class='ocr_line' id='line_1_118' title="bbox 1051 5719 1801 5784; baseline 0 -13"><span class='ocrx_word' id='word_1_911' title='bbox 1051 5726 1058 5757; x_wconf 76' lang='grc' dir='ltr'>ι</span> <span class='ocrx_word' id='word_1_912' title='bbox 1076 5720 1443 5782; x_wconf 61' lang='lat' dir='ltr'>neminemneminer.</span> <span class='ocrx_word' id='word_1_913' title='bbox 1458 5721 1633 5784; x_wconf 66' lang='lat' dir='ltr'>abcenunnea,</span> <span class='ocrx_word' id='word_1_914' title='bbox 1647 5720 1762 5773; x_wconf 69' lang='lat' dir='ltr'>aratoris</span> <span class='ocrx_word' id='word_1_915' title='bbox 1772 5719 1801 5771; x_wconf 89' lang='lat' dir='ltr'>h·</span> 
     </span>
     <span class='ocr_line' id='line_1_119' title="bbox 1013 5787 1289 5848; baseline -0.018 -10"><span class='ocrx_word' id='word_1_916' title='bbox 1013 5787 1064 5838; x_wconf 75' lang='lat' dir='ltr'>bris</span> <span class='ocrx_word' id='word_1_917' title='bbox 1076 5794 1101 5836; x_wconf 87' lang='lat' dir='ltr'>et</span> <span class='ocrx_word' id='word_1_918' title='bbox 1112 5798 1125 5834; x_wconf 88' lang='lat' dir='ltr'>a</span> <span class='ocrx_word' id='word_1_919' title='bbox 1136 5797 1215 5848; x_wconf 76' lang='lat' dir='ltr'>grem</span> <span class='ocrx_word' id='word_1_920' title='bbox 1226 5789 1289 5833; x_wconf 73' lang='grc' dir='ltr'>ιιιι.</span> 
     </span>
    </p>
   </div>
   <div class='ocr_carea' id='block_1_26' title="bbox 0 0 1982 6388">
    <p class='ocr_par' dir='ltr' id='par_1_28' title="bbox 0 0 1982 6388">
     <span class='ocr_line' id='line_1_120' title="bbox 0 0 1982 6388; baseline 0 0"><span class='ocrx_word' id='word_1_921' title='bbox 0 0 1982 6388; x_wconf 95' lang='lat' dir='ltr'> </span> 
     </span>
    </p>
   </div>
  </div>
 </body>
</html>
