3900 6390
155 372 296 435 seminales
316 381 403 426 cause
421 361 562 436 gignendis
582 357 661 416 rebus
679 355 864 417 adhibeantur,
878 349 935 404 sire

155 463 350 537 operationibus
362 459 518 530 Angelorum
532 461 578 510 aut
590 451 741 514 bominum,
756 456 800 503 unt
812 457 936 517 quorum·

155 571 207 629 que
218 554 387 618 animalium,
404 550 460 605 sire
472 547 582 602 marium
599 543 806 610 feminarumque
828 534 936 590 mixtio-

155 648 251 710 nibus:
264 643 389 716 munttbet
400 640 480 697 etiam
495 635 623 693 desideria
639 641 757 687 motnsre
770 629 866 683 atrimae
878 638 936 679 tna·

136 737 205 793 ·tris
218 735 323 788 ualeant
335 729 433 800 aliquid
453 729 672 783 lineamentorum
687 730 733 774 aot
751 718 871 774 colornm
892 729 937 768 as·

155 838 267 897 pergere
275 821 372 877 teneris
381 818 554 886 mollibusque
562 810 742 881 conceptibus,
752 808 821 877 ipsas
830 803 938 860 omnino

156 924 279 978 naturas,
290 926 350 983 quae
361 911 401 966 sic
409 908 450 963 ecl
462 906 501 962 sic
514 907 542 960 ln
553 917 602 960 suo
611 916 707 975 genero
716 897 873 960 aldciantnr,
886 906 938 947 non

155 1001 278 1061 lacitnisi
290 1014 409 1055 summus
420 997 488 1052 [lens
498 1013 505 1050 ι
516 994 592 1064 cuins
602 990 703 1047 ocorlta
716 985 831 1057 potentia
845 990 938 1038 cuncta

155 1100 298 1164 penetrans
326 1084 551 1145 incontaminabili
576 1083 585 1116 ¹
611 1079 750 1152 presentia
784 1074 847 1130 lacit
880 1086 940 1128 esse

155 1183 282 1253 qrridqnid
304 1177 485 1250 aliquomodo
502 1184 560 1240 est,
575 1173 602 1228 in
620 1179 859 1243 quantumcumque
879 1172 938 1227 est;

156 1275 218 1345 quia
239 1273 288 1328 nisi
309 1271 420 1326 iaciente
440 1267 496 1329 illo.
511 1280 563 1322 non
579 1263 630 1319 talo
648 1261 690 1317 rel
712 1259 765 1313 tale
783 1263 871 1320 esset,
892 1252 939 1308 sed

156 1378 266 1436 prorsus
294 1376 353 1416 esse
377 1375 429 1414 non
456 1364 545 1429 posset
559 1352 608 1429 (α).
624 1351 798 1420 Quapropter,
818 1346 840 1400 si
855 1345 881 1399 iu
897 1343 941 1398 illa

158 1454 248 1526 specie
268 1467 346 1522 ouum
366 1451 511 1506 lorinsecus
532 1444 715 1517 corpomlibus
732 1438 841 1513 opidces
861 1436 942 1492 rebus

158 1546 313 1617 imponunt,
338 1544 430 1600 urbem
452 1541 565 1599 Romam
589 1548 617 1594 et
640 1536 732 1592 urbem
756 1529 941 1588 Alexandriam

159 1653 213 1695 non
228 1637 317 1693 fabros
330 1646 356 1692 et
371 1634 546 1699 aminocleo,
556 1630 602 1687 sed
617 1643 713 1701 reges,
728 1640 838 1697 quonrm
851 1623 942 1677 rolon-

160 1737 215 1785 tate
227 1769 235 1796 ,
248 1726 369 1789 consilio,
384 1725 495 1794 imperio
510 1721 642 1778 fabricatu
654 1725 734 1781 sunt,
755 1715 824 1771 illurn
841 1712 942 1767 llomu·

160 1814 232 1879 lunt,
246 1816 318 1871 illam
329 1812 507 1872 alexandrum
521 1810 644 1867 babuisse
655 1808 765 1865 dicimus
774 1803 940 1861 corrditores:

161 1914 260 1979 quanto
272 1904 359 1976 potius
374 1902 478 1958 nonnisi
490 1901 573 1957 ileum
588 1900 715 1954 debemm
727 1895 889 1953 conditorem
903 1893 943 1948 di·

160 2009 223 2051 cere
235 2001 387 2049 naturarum
399 2032 407 2058 ,
421 1991 465 2061 otti
486 2002 572 2059 neque
588 2002 622 2044 ex
634 2001 665 2043 ea
688 1986 796 2041 materia
815 1984 877 2039 lacit
896 1983 944 2037 ali·

160 2085 224 2158 quid
237 2099 314 2157 otram
328 2088 385 2155 ipse
397 2098 451 2140 nort
464 2082 574 2150 lecerit,
589 2095 639 2136 noc
654 2079 789 2150 operarios
802 2077 881 2134 babet
893 2075 942 2133 nisi

162 2173 450 2248 onesipsecreauerit3
463 2174 524 2227 etsi
539 2171 684 2241 potentiam
696 2184 790 2233 suam,
805 2177 834 2223 ut
848 2167 883 2222 ita
901 2165 943 2222 di·

162 2280 232 2333 onm,
251 2263 443 2321 fabricatoriam
464 2262 544 2318 rebus
558 2259 711 2325 subtrahat,
727 2259 762 2314 ita
776 2272 827 2312 non
847 2264 943 2321 errant,

162 2356 232 2413 sicot
241 2363 302 2412 anto
315 2368 392 2424 uttam
409 2352 502 2409 lieront
516 2365 568 2407 non
591 2350 718 2406 lueruntl
727 2348 779 2405 Sed
791 2359 852 2403 ante
864 2346 943 2414 dieo,

162 2447 320 2513 aetenrltate,
335 2460 386 2500 non
401 2454 529 2513 tempore.
543 2443 606 2512 erls
619 2441 690 2499 enim
709 2441 775 2496 alius
791 2449 894 2496 creator
905 2447 946 2494 est

157 2546 332 2617 temporum,
347 2535 398 2592 nisi
416 2535 462 2607 qut
482 2535 543 2591 lecit
561 2549 592 2591 ea
603 2547 736 2605 ,quorum
750 2533 865 2589 motibus
885 2546 946 2586 cur-

163 2638 254 2688 rorent
262 2628 401 2699 temporat

164 2740 277 2798 catut
293 2738 388 2799 xxvi.
412 2768 449 2782 -
468 2736 508 2793 Ile
533 2735 725 2793 Platonicorum
743 2735 873 2805 opinione,
896 2748 947 2799 ono

199 2839 347 2904 paternoot
363 2829 465 2901 ongelm
481 2827 607 2900 quideme
620 2827 674 2882 beo
683 2825 811 2890 eonditor,
825 2823 869 2906 ted
879 2823 947 2892 ipsos

199 2938 254 2978 este
264 2921 431 2977 hononorem
443 2934 576 2989 corporatur
586 2917 737 2974 conditores.

201 3032 240 3090 lta
253 3048 318 3090 saus
331 3032 406 3089 Plato
417 3031 534 3087 minores
545 3039 573 3087 et
584 3044 600 3085 a
612 3042 716 3084 summo
726 3027 782 3082 ileo
792 3024 873 3084 laotos
883 3009 947 3080 deos

166 3124 306 3181 effectores
317 3137 378 3179 esse
390 3121 473 3177 noluit
493 3121 646 3177 animalium
665 3128 839 3181 ceterorum,
853 3124 882 3171 ut
895 3115 947 3169 im·

165 3213 304 3271 mortalem
318 3221 421 3283 partem
434 3211 468 3267 ab
480 3212 538 3280 ipso
551 3218 706 3273 sumerent,
721 3208 771 3278 ipsi
792 3222 856 3263 uero
877 3219 949 3260 mor·

166 3304 247 3360 talem
261 3309 410 3359 attexerent
426 3299 470 3373 (ln
483 3299 600 3371 Timeo).
615 3297 728 3355 Proinde
741 3296 886 3353 animorum
899 3310 948 3349 no·

167 3404 281 3450 strarum
306 3407 354 3450 eus
373 3401 506 3448 creatores
525 3405 585 3446 esse
606 3390 709 3453 noluit,
729 3387 776 3444 sed
797 3401 947 3458 corporum.

166 3483 376 3557 llndeqnoniam
383 3481 544 3553 Porphyrius
553 3479 760 3550 pmpteranimo
771 3477 949 3549 purgationem

167 3573 232 3629 dicit
251 3587 331 3628 omne
349 3585 446 3640 cerpus
470 3568 640 3641 fugiendum,
663 3569 795 3638 simulque
816 3582 876 3624 cum
901 3582 950 3623 suo

168 3663 279 3719 Platone
301 3661 411 3731 allisque
424 3659 568 3715 Platonicis
589 3658 670 3714 sentit
682 3672 746 3724 eos,
763 3658 807 3729 qni
822 3657 950 3712 immode-

169 3760 226 3807 rato
246 3764 279 3805 ac
299 3749 439 3805 labeneste
453 3748 585 3815 riserint,
600 3757 707 3820 propter
728 3747 838 3803 luendas
860 3761 951 3816 poerras

169 3839 204 3894 ad
221 3852 332 3909 corpora
353 3837 440 3895 redire
454 3837 577 3893 mortalia
589 3823 602 3903 ,¹
613 3837 688 3893 Plato
706 3836 812 3907 quidem
826 3836 951 3892 etiamad

168 3929 321 3993 ltestimum,
333 3926 495 4000 Porphyrius
506 3926 689 3983 tantummodo
702 3927 735 3982 ad
747 3925 883 3983 bominum
895 3927 950 3999 (ως

170 4018 290 4089 sequitur
303 4033 368 4083 eos,
385 4026 414 4074 nt
429 4017 519 4073 dicant
536 4016 601 4073 deos
613 4017 696 4081 istos,
709 4031 802 4088 queso
817 4016 893 4073 nobis
907 4034 953 4070 rer-

80 4136 84 4143 ·
170 4109 230 4166 lunt
248 4110 323 4180 quasi
343 4119 464 4180 parentes
478 4118 505 4164 ct
516 4107 667 4163 conditores
684 4118 790 4165 nostros
802 4107 873 4175 coli,
887 4108 953 4163 nibil

171 4215 231 4256 esse
253 4199 324 4255 alirrd
342 4213 421 4270 quam
441 4197 531 4254 labros
542 4197 698 4267 compedum
718 4211 887 4253 carcerumve
906 4211 954 4253 no

171 4299 305 4355 otrornm3
319 4304 369 4345 nec
381 4288 564 4354 institutores,
576 4287 622 4344 sed
635 4287 780 4347 inclusores
791 4287 954 4359 alligatores-

171 4394 224 4452 que
237 4388 342 4435 uostros
355 4379 492 4448 ergastulis
506 4379 663 4433 aerumnosis
676 4387 703 4434 et
716 4378 879 4449 grauissimis
892 4377 950 4433 rin-

171 4471 248 4527 culis.
262 4469 316 4527 Aut
328 4483 391 4540 ergo
410 4467 533 4525 desinant
554 4468 681 4527 Platonici
697 4483 789 4538 pronas
807 4470 953 4525 anintarum

172 4576 204 4617 ex
226 4560 283 4616 istis
303 4559 457 4630 corporibus
479 4559 649 4624 comminari;
671 4567 717 4617 eut
733 4573 780 4616 eos
798 4560 874 4619 nobis
891 4558 958 4615 deos

171 4652 298 4709 colendos
312 4668 364 4706 nou
379 4650 537 4721 predicent,
555 4665 667 4721 ortorum
681 4652 707 4706 in
729 4651 806 4707 nobis
819 4652 953 4722 operatio·

171 4751 289 4809 nomm,
303 4750 431 4813 qnantum
446 4756 602 4812 possumus,
616 4742 745 4812 fugiamus
754 4752 782 4799 et
794 4742 956 4809 eradamus,

171 4831 329 4897 irortantur3
353 4845 414 4885 cum
440 4838 528 4887 tameo
551 4829 586 4886 sit
610 4841 749 4901 utrumque
772 4829 955 4889 falsissimum.

172 4919 239 4975 Nam
251 4936 338 4991 neque
351 4921 386 4976 ita
397 4920 473 4977 luunt
486 4935 578 4991 poenas
589 4922 695 4989 anime,
708 4936 768 4976 cum
783 4921 816 4977 ad
829 4922 906 4977 istam
918 4922 957 4979 rl·

173 5021 229 5068 tam
241 5015 329 5071 denuo
342 5017 528 5084 revolvuntur3
542 5025 570 5071 et
583 5016 699 5071 omnium
710 5015 853 5072 virentium
863 5016 918 5071 sire
930 5016 957 5072 ln

138 5182 144 5193 ι
175 5104 956 5177 coelo,sireioterra,nullusestoonditor,nisiaquatecta

176 5204 239 5251 sunt
248 5195 342 5251 coelum
353 5207 381 5252 et
392 5205 472 5253 terra.
482 5197 548 5254 Nam
559 5198 581 5253 si
593 5197 667 5254 nulla
679 5192 757 5253 causa
768 5197 922 5257 estairendi
931 5198 959 5261 tn

207 5285 216 5315 ¹
233 5285 269 5334 ste
279 5291 331 5334 turs
343 5286 588 5347 rurtaunmterum,
598 5287 793 5343 nemrotolili.

205 5344 679 5478 ncour

692 243 736 300 ntt
747 234 907 301 civitate
926 231 992 298 bnt,
1012 231 1042 289 S.
1062 228 1243 289 AUGUSlel

1713 210 1768 273 tls

988 342 1039 400 boc
1053 358 1185 415 corpore,
1203 341 1255 399 nisi
1277 346 1385 412 propter
1405 332 1527 408 pudenda
1544 323 1690 402 suppliciaz
1703 341 1769 397 ooo·

987 436 1068 493 modo
1079 435 1143 492 dien
1156 434 1225 490 idom
1239 431 1313 488 Plato
1325 430 1403 486 aliter
1424 425 1551 482 mundum
1575 421 1632 477 lieri
1653 433 1707 474 uon
1721 432 1768 489 po·

988 528 1070 583 tuisse
1091 524 1296 596 pulcherrimum
1321 530 1399 591 atque
1419 517 1568 588 optimum,
1584 511 1634 568 nisl
1651 508 1768 566 oruninm

988 616 1159 682 animalium,
1173 614 1198 670 id
1213 624 1254 671 est
1266 608 1451 669 immortalium
1468 617 1495 662 et
1508 603 1675 667 mortalium,
1688 612 1769 670 gene·

988 700 1433 778 ribusimpleretur(inTirrroeollSi
1440 709 1527 754 autem
1534 704 1624 752 nostra
1631 690 1768 754 institutio,

990 816 1040 870 ona
1053 800 1094 854 rel
1109 798 1233 854 mortales
1246 795 1343 852 conditi
1354 807 1463 858 sumus,
1473 789 1591 844 ditinum
1604 797 1702 840 monos
1713 789 1769 842 esu

990 892 1122 963 quomodo
1135 905 1213 961 poena
1227 896 1269 945 est
1281 887 1315 942 ad
1335 887 1384 941 ista
1397 896 1527 953 corpora,
1542 876 1568 934 id
1580 884 1621 933 est
1633 874 1665 929 ad
1684 871 1769 928 dirim

991 983 1115 1041 beneflcio
1128 1025 1136 1048 ,
1150 980 1289 1039 remearet
1304 978 1370 1035 Etsi
1385 977 1453 1033 [leus
1464 1014 1472 1041 ,
1485 971 1556 1043 orrod
1571 967 1679 1024 assidue
1697 964 1770 1020 Plato

992 1069 1401 1139 commemorat,sieutunircrsi
1419 1065 1524 1129 muudi,
1541 1064 1575 1117 ita
1586 1059 1704 1115 omnium
1715 1055 1770 1110 ani-

992 1170 1101 1224 malium
1111 1168 1212 1237 species
1226 1175 1323 1221 aeternn
1337 1158 1508 1230 intelligentia
1522 1152 1769 1218 mollitiebusque·

993 1259 1072 1316 modo
1083 1273 1135 1314 non
1150 1258 1206 1328 ipse
1218 1265 1312 1312 cuncta
1329 1248 1481 1309 condebatl
1494 1250 1534 1303 bn
1548 1244 1698 1314 aliquorum
1711 1250 1769 1293 csse

992 1349 1085 1407 artilex
1104 1349 1206 1413 nollet,
1221 1360 1332 1418 quorum
1345 1339 1542 1398 efficiendorum
1555 1346 1639 1390 artem
1654 1326 1771 1387 ineffabi-

992 1441 1027 1499 lis
1038 1442 1095 1512 ejus
1106 1451 1133 1497 et
1143 1438 1307 1495 inellalriliter
1321 1432 1457 1491 laudabilis
1469 1442 1545 1486 mens
1556 1422 1686 1482 baberet?

993 1552 1105 1611 CAPUT
1122 1550 1227 1609 xxvit.
1239 1581 1275 1591 -
1287 1546 1320 1605 ln
1343 1546 1423 1618 primo
1444 1541 1543 1598 bomine
1561 1530 1674 1594 mortem
1696 1531 1771 1605 seim

1028 1661 1125 1699 omnmo
1143 1640 1322 1713 plenitudinem
1340 1635 1436 1710 generis
1454 1631 1558 1688 bomani
1568 1671 1576 1694 ,
1589 1630 1616 1682 in
1635 1642 1685 1697 qao
1708 1637 1771 1694 prro-

1029 1736 1089 1791 ridr't
1102 1733 1171 1789 lleus
1183 1748 1239 1802 gno
1250 1747 1309 1802 porr
1329 1725 1476 1784 lronoroudo
1494 1729 1556 1779 mot
1574 1719 1698 1794 premio,
1717 1728 1772 1785 gnte

1029 1825 1174 1881 damnando
1185 1823 1319 1895 rttppliciu.

1030 1940 1056 1994 l.
1070 1937 1164 1994 llerito
1178 1936 1257 2006 igitur
1269 1947 1330 1989 uera
1342 1929 1515 2001 religioque
1528 1927 1537 1960 ¹
1551 1920 1641 1980 mundi
1659 1916 1773 1976 uniuersi

993 2045 1066 2095 cum,
1076 2026 1228 2084 animallum
1242 2038 1346 2094 quoque
1357 2021 1551 2085 uniuersorum,
1563 2015 1613 2070 boc
1623 2019 1665 2070 est
1677 2018 1706 2066 et
1717 2007 1774 2064 ani·

996 2132 1097 2173 marum
1110 2124 1306 2184 etcorporum,
1320 2108 1484 2168 conditorem
1498 2102 1617 2177 agnoscit
1632 2110 1660 2157 et
1681 2095 1774 2171 prudi-

994 2217 1046 2264 cat.
1060 2208 1087 2263 lu
1099 2205 1193 2277 quibus
1205 2203 1316 2260 terrenis
1329 2198 1476 2272 precipuus
1488 2194 1521 2251 ab
1532 2193 1579 2251 illo
1591 2191 1624 2247 ad
1643 2188 1701 2262 elus
1712 2187 1775 2243 ima·

994 2300 1082 2370 gincm
1103 2296 1184 2352 bomo
1198 2301 1306 2365 propter
1316 2306 1375 2347 cam
1388 2303 1512 2354 caumm,
1526 2298 1605 2357 quant
1618 2281 1688 2347 diri,
1708 2286 1736 2336 ct
1753 2276 1775 2332 sl

995 2404 1045 2461 ona
1058 2387 1125 2442 lorte
1139 2386 1189 2440 alia
1206 2384 1291 2453 major
1304 2382 1382 2450 latet,
1395 2379 1479 2435 lactus
1492 2385 1533 2433 cst
1546 2387 1634 2438 untrs,
1655 2368 1703 2428 sed
1725 2382 1775 2424 non

994 2479 1102 2538 relictus
1116 2477 1253 2534 cstsolus.
1276 2474 1346 2532 ilibil
1367 2472 1437 2528 enim
1459 2477 1499 2527 est
1519 2480 1597 2540 quant
1621 2464 1673 2521 boc
1695 2474 1776 2533 gennt

996 2580 1048 2626 tarn
1060 2568 1252 2626 discordiosum
1271 2564 1352 2630 rltlo,
1368 2574 1421 2619 tum
1443 2559 1539 2617 sociale
1561 2566 1666 2614 natura.
1687 2550 1776 2624 Neque

996 2662 1162 2720 cotnmodius
1173 2668 1265 2717 eontra
1277 2658 1369 2714 uitium
1381 2653 1521 2712 discordiae
1531 2649 1574 2706 rel
1584 2644 1731 2706 carendum
1744 2657 1777 2700 no

995 2755 1140 2815 existeret,
1155 2753 1197 2809 rel
1211 2749 1358 2807 sanandum
1370 2762 1431 2804 eum
1450 2744 1612 2805 exstitisset,
1624 2747 1718 2795 natum
1737 2736 1777 2791 lo·

997 2855 1122 2918 orreretur
1136 2845 1266 2908 bumana,
1281 2855 1359 2913 quatu
1374 2836 1585 2896 recordationem
1598 2832 1776 2903 llllusparett·

998 2940 1049 3004 tis,
1068 2952 1147 3010 ouem
1165 2944 1304 3008 propterea
1326 2932 1396 2989 boe
1414 2942 1508 2987 creare
1530 2925 1613 2982 roluit
1632 2937 1732 2990 unum,
1746 2920 1779 2978 de

998 3048 1051 3104 otto
1075 3028 1215 3088 multitudo
1242 3033 1450 3098 propagaretur,
1465 3015 1505 3077 'ut
1527 3018 1577 3075 bac
1600 3014 1779 3073 admonitione

998 3121 1077 3179 etlam
1087 3120 1113 3174 in
1127 3118 1216 3177 attritis
1229 3130 1341 3173 concors
1353 3113 1440 3169 unitas
1453 3116 1613 3168 seruaretur.
1627 3103 1704 3175 Quod
1716 3119 1779 3160 uero

998 3213 1095 3269 lemine
1110 3210 1147 3266 illl
1160 3225 1193 3265 ex
1207 3208 1265 3278 ejus
1285 3206 1369 3262 latere
1387 3202 1454 3260 lucta
1472 3211 1530 3267 est,
1545 3200 1626 3256 etiam
1641 3197 1704 3253 irinc
1716 3193 1780 3251 satis

999 3302 1173 3375 sigrntteanrm
1188 3309 1319 3370 estonam
1331 3295 1411 3353 chara
1429 3291 1515 3351 mariti
1537 3299 1565 3348 et
1578 3287 1668 3345 uxoris
1686 3285 1781 3343 debon

999 3410 1058 3453 esse
1069 3392 1229 3465 conjunctio.
1242 3391 1305 3446 linc
1315 3401 1395 3458 opera
1407 3384 1454 3441 bei
1467 3390 1606 3454 propterea
1617 3385 1679 3436 sunt
1691 3377 1781 3448 utiqrre

1001 3485 1141 3550 irruebam,
1162 3482 1223 3553 quia
1237 3481 1332 3552 prima.
1349 3477 1398 3547 in
1411 3485 1499 3531 autem
1514 3473 1564 3528 ista
1577 3485 1631 3526 non
1650 3468 1781 3533 credunt,

1000 3577 1071 3631 rrrrlla
1088 3574 1154 3629 lacta
1171 3571 1286 3644 prodigia
1301 3570 1400 3625 debent
1417 3565 1548 3622 eredere:
1564 3575 1651 3632 noque
1671 3558 1743 3614 enirn
1756 3565 1783 3615 et

1001 3668 1068 3736 ipsa,
1081 3664 1104 3719 si
1114 3663 1211 3718 usitato
1220 3669 1319 3716 nature
1331 3656 1462 3714 curriculo
1472 3655 1653 3726 gignerentur,
1664 3647 1784 3721 prodigia

1001 3756 1160 3812 dicerentur.
1172 3750 1239 3819 Quid
1252 3761 1339 3806 autem
1351 3748 1400 3805 sub
1410 3755 1480 3802 tanta
1490 3742 1680 3818 gubernatione
1688 3740 1784 3797 diuino

1001 3845 1175 3918 providentie
1186 3885 1195 3912 ‚
1208 3842 1327 3913 quamvis
1341 3840 1399 3911 eius
1411 3852 1490 3895 cansa
1510 3837 1610 3903 lateat,
1633 3833 1732 3892 lrustra
1744 3831 1784 3903 gl-

1003 3936 1112 4008 gniturl
1126 3935 1170 3990 dit
1188 3931 1295 4005 quidam
1308 3931 1425 4003 psalmus
1444 3942 1539 3984 sacer:
1554 3924 1659 3991 Venite,
1673 3932 1697 3978 et
1709 3921 1787 3978 ridete

1003 4045 1080 4100 opero
1089 4026 1206 4091 bertini,
1220 4040 1277 4095 gon
1287 4023 1370 4093 porrtit
1385 4019 1501 4091 prodigio
1513 4033 1589 4088 super
1601 4026 1694 4071 terrum
1701 4011 1785 4088 (Ptol.

1004 4136 1068 4183 xor,
1085 4119 1126 4190 9).
1142 4118 1195 4173 Gur
1206 4131 1270 4187 ergo
1283 4131 1315 4171 ex
1329 4114 1413 4169 latere
1431 4110 1483 4166 uiri
1496 4110 1593 4165 lentina
1613 4105 1683 4164 lacta
1700 4103 1746 4173 sit,
1761 4111 1787 4160 et

1004 4212 1055 4268 noc
1068 4211 1180 4280 primum
1192 4204 1388 4278 quodammodo
1397 4201 1544 4273 prodigium
1558 4198 1620 4270 quid
1634 4195 1788 4270 prsodgura·

1004 4301 1089 4367 uerit,
1103 4299 1155 4354 alio
1166 4298 1235 4360 loeo,
1248 4303 1376 4368 quantum
1390 4308 1434 4349 me
1446 4292 1516 4347 bens
1529 4289 1675 4361 adiuuerit,
1690 4287 1787 4344 dicum.

1039 4391 1068 4445 2.
1090 4387 1220 4464 [nitito]
1233 4387 1309 4445 llunc
1321 4385 1445 4457 quonlam
1468 4382 1536 4439 liber
1554 4379 1605 4437 isto
1627 4376 1790 4435 claudendus

1006 4490 1064 4548 est,
1080 4481 1107 4536 io
1121 4479 1172 4534 boc
1183 4478 1270 4551 primo
1288 4474 1413 4542 bomine,
1425 4472 1471 4543 otri
1491 4469 1614 4541 primitus
1635 4468 1722 4523 lactus
1733 4475 1790 4533 est,

1006 4569 1124 4627 nondum
1132 4567 1239 4638 quidem
1249 4564 1393 4622 secondum
1405 4560 1574 4626 euidentiam,
1583 4560 1637 4629 ium
1649 4570 1739 4614 tanuen
1749 4570 1792 4612 se·

1007 4662 1124 4719 eundum
1137 4659 1184 4714 bei
1197 4656 1390 4729 prescientiam
1402 4661 1507 4709 caurus
1519 4651 1599 4706 luisse
1611 4648 1793 4705 existimemus

1009 4755 1036 4809 in
1050 4767 1148 4825 genere
1161 4751 1278 4806 lanmaoo
1290 4748 1433 4804 societates
1447 4754 1570 4813 tanquam
1584 4739 1704 4797 ciuitates
1718 4738 1792 4794 duas.

1010 4845 1050 4901 bx
1064 4844 1111 4901 illo
1123 4842 1196 4901 enim
1209 4841 1289 4897 luturl
1300 4845 1377 4897 erant
1391 4837 1532 4902 homines,
1546 4833 1591 4889 alii
1607 4829 1794 4900 malisangelis

1010 4937 1037 4992 ln
1050 4935 1200 5007 supplicio,
1214 4933 1259 4989 alii
1276 4931 1354 4991 bonis
1366 4929 1393 4984 in
1407 4927 1518 4998 premio
1527 4923 1662 4988 menon,
1676 4920 1794 4990 quamuis

1010 5026 1116 5083 occultu
1129 5024 1176 5088 bei
1194 5022 1305 5093 judicio,
1319 5018 1367 5076 sed
1377 5028 1466 5075 emen
1476 5017 1559 5086 iusto.
1571 5012 1637 5070 Cum
1648 5012 1719 5069 enim
1730 5009 1796 5067 scri·

1010 5127 1086 5189 ptum
1098 5117 1144 5180 sit,
1159 5113 1285 5172 baleare
1295 5112 1343 5171 oie
1355 5107 1476 5175 Pondni,
1492 5102 1661 5163 samburne
1672 5111 1695 5156 et
1706 5101 1797 5155 seritur

1012 5209 1104 5282 (Psoi.
1117 5224 1191 5273 axau,
1204 5205 1258 5276 lb)
1273 5223 1281 5261 ι
1295 5217 1346 5260 nec
1363 5201 1460 5272 binata
1479 5195 1646 5270 ejusgrat‘ta,
1671 5207 1722 5250 nec
1733 5206 1795 5249 cru-

1011 5300 1079 5359 dolis
1090 5305 1247 5370 potestesse
1254 5293 1365 5366 iustitia.
1757 5309 1763 5320 ·

1069 5400 1455 5466 alenustrioutnesrutnusulpti.
1465 5406 1493 5453 tu
1502 5403 1528 5451 tt.
1538 5396 1620 5459 deest.
1631 5404 1696 5460 ortt·
1706 5398 1738 5450 Ι.
1769 5416 1779 5436 ·
1794 5436 1799 5447 .
