3900 6390
104 259 157 318 tub

103 373 244 445 gnoscerist
259 374 286 429 in
300 374 406 430 aduentu
419 377 539 447 temporis
552 376 689 431 ostenderis
702 378 723 445 ¹,
736 392 785 432 uec
800 391 884 446 expo·

105 470 220 519 secudum
234 475 284 518 cst.
301 464 334 520 tn
347 482 376 520 eo
390 467 450 519 dum
466 467 614 520 couturlmtu
628 467 702 536 trierit
718 468 804 521 aniate
819 482 892 528 urea,

104 553 132 608 is
147 554 185 607 ira
199 556 377 610 attentaretur
395 573 489 610 memor
508 558 573 622 eris,
590 557 652 626 quid
674 565 730 622 est,
747 556 796 611 uisi
816 555 888 627 quod

108 643 215 699 ludaeos
233 646 258 699 iu
273 660 303 701 se
317 646 520 716 transfiguravit,
537 661 649 717 quorum
662 648 748 715 gentis
771 645 829 714 tuit,
845 645 890 716 qui

105 749 167 790 curn
182 751 276 806 magna
293 738 330 791 ira
352 738 448 792 turbati
469 739 654 809 cruciitgereut
672 738 824 807 Christum,
844 738 890 795 itte

106 826 297 881 misericordiae
308 842 411 882 memor
424 827 504 892 dixit,
520 827 606 893 Pater,
627 829 728 900 ignosce
746 830 814 895 iltis,
829 827 890 901 quia

106 919 219 973 sesciuut
228 919 288 990 quid
298 920 394 990 fuciunt
406 918 479 991 (Luc.
491 936 566 984 xxm,
579 919 625 993 at)
633 920 646 974 t
654 919 725 975 Deus
736 919 767 975 de
776 918 890 975 Tteutart

104 1009 193 1075 reniet,
208 1020 231 1062 et
241 1020 342 1065 sanctus
354 1011 385 1064 de
398 1021 481 1065 rrroute
490 1010 606 1065 umbroso
620 1019 644 1064 ιι
660 1011 796 1065 condenso.
812 1010 889 1079 Quod

101 1097 150 1156 bic
168 1099 337 1167 dictumest,
362 1100 393 1156 de
413 1101 525 1156 Tiremau
546 1101 642 1167 oeuiet;
656 1101 700 1156 atii
721 1101 886 1170 interpretati

98 1198 166 1248 sunt
176 1190 207 1243 ab
217 1191 320 1259 Austro,
333 1193 375 1247 ret
386 1192 417 1246 ab
426 1192 513 1264 Africo
523 1191 560 1262 (a)
572 1209 580 1240 z
593 1207 639 1261 per
649 1190 718 1263 quod
727 1192 889 1262 signiticatur

102 1280 239 1349 meridies,
254 1281 331 1338 idest
344 1281 431 1338 terror
441 1283 576 1338 ctraritatis
586 1292 613 1337 ιι
624 1282 749 1354 splendor
759 1282 887 1339 ueritatis.

101 1373 217 1430 btoutcrn
232 1391 296 1432 rero
308 1377 460 1431 umbrosum
474 1385 552 1445 atque
570 1374 746 1441 condensum,
767 1375 887 1447 quamvis

102 1467 193 1522 uiuitis
219 1467 305 1522 nrodis
330 1469 412 1538 possit
436 1468 563 1538 iutettigi,
589 1467 713 1523 tibeutins
737 1467 886 1538 acceperim

102 1556 300 1627 scripturarum
311 1558 476 1614 altitudinem
489 1559 647 1624 dtr-inarum,
662 1558 758 1631 quibus
772 1559 888 1630 propbe-

103 1658 174 1705 tatus
186 1658 227 1705 est
247 1650 379 1705 cbristus.
399 1650 479 1705 tintta
494 1650 591 1722 quippe
613 1650 649 1706 ibi
670 1651 793 1706 umbrosa
808 1661 888 1722 atque

101 1743 235 1797 condensa
255 1750 332 1808 sunt,
355 1759 416 1814 quoe
435 1752 550 1798 mentem
572 1743 716 1814 quaerentis
734 1751 886 1800 exerceant.

101 1834 165 1890 tude
178 1845 265 1889 autem
278 1835 360 1899 uetuit,
370 1850 431 1890 cnm
443 1835 477 1890 ibi
490 1851 562 1901 eum,
573 1836 618 1906 qui
631 1835 761 1907 inteiligit,
774 1837 886 1892 invertit.

103 1925 207 1996 Operuit
219 1928 293 1980 coelos
307 1928 385 1980 virtut
398 1928 462 1998 ejus,
475 1938 498 1981 et
511 1928 595 1982 laudis
608 1934 661 2000 ejus
674 1930 748 2000 pleno
760 1940 795 1984 est
809 1941 886 1996 terro,

39 2016 46 2029 '
101 2019 163 2090 quid
178 2028 228 2082 est.
242 2019 293 2073 nisi
306 2019 377 2088 qnod
390 2021 471 2074 etiarn
483 2020 508 2074 iu
523 2020 628 2075 Psalmo
642 2021 748 2086 dicitnr,
765 2021 887 2078 Eeaitnre

100 2111 257 2180 supereoeios
269 2110 291 2173 ¹,
308 2108 386 2177 Deus,
399 2120 422 2163 et
435 2126 511 2179 super
524 2126 622 2164 ornnem
634 2119 726 2165 terrant
739 2111 823 2184 pierio
842 2122 887 2166 tua

101 2199 186 2272 (Ptol.
199 2215 250 2268 ιιι,
264 2198 308 2271 stt
323 2199 451 2278 Splendet
464 2202 518 2271 ejus
532 2210 560 2254 ut
578 2202 663 2255 lumen
679 2201 737 2266 erit,
751 2201 815 2271 quid
830 2211 886 2271 est,

100 2293 169 2358 uisi,
190 2293 270 2349 Faura
292 2294 350 2364 ejus
370 2294 513 2350 credentes
538 2293 715 2349 itturuiuabiti
739 2294 838 2349 Cornua
859 2294 887 2350 in

100 2384 216 2438 tinnitus
230 2384 284 2453 ejus
299 2393 374 2452 sunt,
388 2383 451 2454 quid
466 2393 517 2448 est,
531 2384 581 2439 uisi
595 2393 723 2454 tropeum
738 2385 842 2440 cruciet
852 2383 887 2439 ur

101 2479 184 2548 posuit
203 2477 350 2532 cbarimtent
371 2478 471 2546 firmant
488 2476 645 2547 tortitudinis
657 2493 720 2543 sue,
736 2492 784 2533 nec
802 2491 886 2547 expo-

99 2565 216 2627 nendum
229 2574 280 2625 est.
295 2567 359 2624 Ante
370 2566 462 2641 [aciem
472 2566 526 2638 eires
538 2567 583 2621 ibit
592 2567 703 2635 uerbum,
718 2577 741 2621 et
752 2566 851 2638 prodiet
860 2567 887 2622 in

100 2678 217 2734 eampum
229 2671 283 2733 post
299 2660 373 2732 pedes
391 2665 455 2734 ejus,
473 2657 536 2740 quid
557 2665 608 2724 est,
625 2658 675 2713 nisi
687 2656 759 2729 quod
773 2667 800 2713 et
813 2667 888 2714 ante·

100 2770 180 2825 quam
196 2754 247 2809 buc
260 2755 371 2819 reniret,
391 2753 584 2825 prenuntiatus
597 2760 654 2819 cst,
669 2758 696 2805 et
714 2760 886 2822 posteaquam

99 2842 163 2899 binc
182 2859 308 2900 reversus
328 2852 379 2911 est,
399 2844 571 2898 annuntiatus
591 2846 650 2899 estt
671 2840 756 2910 Stetit,
777 2850 801 2899 et
818 2849 886 2900 tetre

104 2921 232 2989 commotu
249 2944 296 3002 est,
309 2933 372 3004 quid
393 2943 450 3000 est,
468 2933 518 2988 uisi
533 2934 600 2987 stetit
613 2932 645 2988 att
661 2933 885 3003 subueniendum

98 3034 122 3079 et
139 3035 209 3080 terra
222 3034 346 3080 corrrnrota
365 3035 401 3080 est
422 3024 455 3079 ad
468 3023 651 3080 eredendum?
669 3024 789 3096 Respexit
806 3034 829 3079 ιι
845 3034 885 3080 ta·

99 3117 204 3172 tucrum
216 3126 302 3189 pentes
314 3132 323 3171 :
335 3115 385 3172 troc
398 3125 449 3180 est,
460 3114 584 3170 misertus
596 3124 645 3178 cst.
657 3125 685 3170 et
698 3115 760 3170 tecit
774 3115 885 3187 populos

98 3208 265 3278 prenitentes.
288 3207 394 3263 Corrtriti
411 3215 469 3279 stunt
488 3215 583 3260 urentes
603 3205 721 3260 uiolentia
735 3225 742 3261 ε
759 3204 882 3271 hatest,

98 3298 318 3355 rimtacientibus
332 3298 475 3365 miraculis,
491 3298 621 3353 elatorum
641 3299 754 3353 eorrtrita
774 3307 816 3353 est
836 3312 884 3353 su·

98 3385 198 3456 perbia.
212 3388 380 3460 Detinuerunt
394 3390 471 3445 celtes
484 3390 614 3444 eternales
628 3403 638 3443 .·
654 3389 704 3444 troc
722 3397 779 3453 est,
795 3387 883 3443 trunti·

97 3476 154 3533 tiati
166 3487 229 3534 sunt
241 3479 274 3534 ad
289 3488 403 3550 ternpus,
415 3490 444 3535 ut
458 3481 624 3551 erigerentur
636 3481 661 3534 in
678 3488 819 3536 aeternum.
835 3478 883 3537 tu-

97 3585 197 3641 gressns
210 3580 315 3625 menos
331 3572 386 3643 ejus
400 3589 446 3643 pro
465 3571 590 3626 blondus
607 3572 681 3625 uidi:
699 3570 748 3626 hoc
764 3582 815 3639 est,
830 3588 883 3630 uon

97 3662 156 3720 sine
175 3663 298 3720 mercede
313 3664 468 3719 aternitatis
488 3664 605 3719 taborem
626 3662 762 3718 charitatis
780 3663 881 3734 aspexi.

96 3751 271 3808 Telemaculo
290 3752 444 3825 AEtiriopuut
467 3763 651 3824 expavescent,
673 3763 697 3808 et
722 3753 883 3809 tabernaculo

97 3852 171 3899 terre
188 3843 295 3898 Madian
310 3860 319 3898 .·
332 3843 382 3900 hoe
396 3853 447 3910 est,
472 3854 566 3915 gentes
587 3844 719 3915 repente·
736 3844 882 3915 perterritae

97 3935 189 3991 nuntio
210 3935 370 3990 mirabitium
389 3943 506 4002 tuorum,
526 3937 606 3991 etiarn
624 3951 683 4006 quac
703 3950 756 3990 non
775 3945 836 3990 suut
854 3936 880 3990 in

94 4027 156 4095 jure
168 4025 306 4092 itomauo,
327 4037 405 4082 erunt
422 4028 448 4083 in
470 4028 567 4098 poputo
581 4027 736 4082 cbristiano.
751 4026 881 4098 Numquid

95 4116 123 4170 iu
135 4117 278 4186 primittitur
290 4118 369 4174 iratus
382 4134 417 4185 es,
431 4116 546 4184 Domine,
561 4128 604 4172 aut
615 4118 641 4171 in
650 4117 796 4189 punientes
809 4121 881 4191 [uror

96 4218 165 4275 tans,
179 4209 217 4262 ιιι
230 4210 257 4262 in
270 4211 335 4263 suari
352 4210 458 4279 impetus
471 4210 548 4262 tuus?
567 4208 623 4264 iloc
635 4208 696 4264 idco
710 4209 808 4264 dictum
822 4218 879 4276 est,

95 4301 156 4370 quia
171 4316 225 4355 nou
238 4303 311 4356 teuit
328 4316 399 4356 nune
414 4301 553 4371 utJudicet
566 4301 705 4368 muudum,
720 4302 766 4357 sed
784 4312 812 4356 ut
824 4301 880 4358 sat·

93 4402 171 4447 retur
185 4393 298 4447 mundus
307 4409 353 4463 per
364 4394 449 4464 ipsum
464 4390 552 4463 (locu.
567 4391 672 4467 ¹¹¹=.¹7)·
686 4392 752 4460 Quia
760 4392 880 4447 ascendes

93 4500 170 4554 super
180 4501 256 4555 equas
269 4495 324 4540 tuos
333 4503 342 4550 ,·
352 4496 376 4539 et
388 4485 505 4555 equitatio
517 4495 561 4539 tue
569 4484 637 4539 salus
648 4501 657 4538 .·
669 4485 719 4540 troc
731 4494 782 4546 cst.
793 4486 879 4540 Evau-

93 4575 195 4647 getistae
216 4578 254 4631 tui
276 4576 422 4649 portabunt
446 4587 482 4642 te,
504 4577 549 4647 qui
569 4575 581 4607 ⁸
602 4585 728 4646 reguntur
749 4591 763 4629 a
784 4586 828 4643 te;
851 4585 880 4633 et

123 4695 179 4740 ²tta
189 4689 215 4739 iu
225 4695 277 4739 tiss.
297 4695 324 4740 tt
334 4689 359 4738 iu
371 4688 469 4738 excusis
485 4694 548 4750 post,
566 4684 715 4747 comederis,
728 4685 781 4735 ιιι
792 4685 879 4749 tegun-

93 4758 134 4822 tur
140 4766 147 4800 ε
158 4759 208 4800 uec
218 4751 276 4815 quio
282 4764 326 4816 per
337 4763 363 4802 se
374 4757 500 4814 patenum
511 4749 695 4812 osmundum
706 4747 879 4820 quode'crose-

91 4819 182 4876 pmur,
190 4813 366 4877 exponendum,
380 4821 442 4862 tneo
456 4806 515 4882 dum
526 4809 674 4868 conturbata,
686 4816 744 4868 ete,
756 4823 802 4859 urst
813 4809 878 4873 qnod

92 4873 155 4937 apud
166 4879 221 4924 ιιι.
231 4885 284 4937 post
296 4876 404 4934 uerbum,
417 4886 442 4924 sc
474 4881 532 4931 stur,
541 4873 621 4931 deest,
631 4869 813 4944 espencuduru.¹
856 4930 861 4943 ¹

90 4937 214 5048 brikmi,
225 4949 296 5000 super
311 4948 391 4987 onmes
407 4949 421 4986 c
467 4949 486 4984 s.
500 4937 581 4995 abest,
593 4944 715 4993 cemma
732 4939 828 4982 caeterts
846 4928 877 4982 b·

122 5059 133 5091 ⁸
148 5055 200 5108 sota
211 5057 359 5117 editiores..
370 5057 500 5130 ιιιιιιιιιι.

120 5117 184 5169 ⁸sic
193 5127 246 5170 tiss.
259 5127 287 5169 tit
304 5119 370 5180 estiti,
385 5133 450 5183 quta.

121 5181 158 5243 (e)
170 5187 258 5230 uraeter
266 5183 427 5243 septuaginta,
438 5188 484 5231 «et
496 5179 607 5244 equita.»
621 5179 699 5243 inquit
710 5179 874 5241 ttieronymus,

93 5249 143 5291 «et
157 5241 308 5304 synnacbus
317 5244 432 5305 etquiuta
444 5243 517 5294 editio
535 5244 542 5290 t
589 5256 613 5291 m
630 5241 770 5312 hebraicum
785 5251 874 5302 posue·

93 5310 179 5352 erunt.
191 5301 258 5351 sotus
266 5302 396 5353 'rbeottotio
406 5304 464 5367 quid
474 5305 536 5365 signi
553 5311 621 5354 earet
635 5303 741 5352 ‘tbemau
753 5307 874 5363 interpre-

93 5379 106 5409 ι
117 5370 180 5413 tatus
188 5364 325 5422 estriicens,
335 5361 366 5413 ab
378 5371 457 5415 instro
465 5363 548 5423 aeaut,
558 5371 580 5414 et
588 5368 683 5415 auectus
690 5363 720 5414 de
730 5367 807 5413 moute
814 5359 874 5411 etto·

94 5437 168 5497 arrrn.
181 5425 269 5498 ’Jdiffl
277 5426 433 5498 hieronymus
443 5428 468 5476 iu
479 5426 544 5475 iocis
550 5425 670 5498 hebraicis
683 5439 689 5474 :
703 5425 827 5474 «rbunau
835 5435 874 5496 re·

93 5500 157 5596 Ἧι
196 5499 241 5536 urci
258 5487 378 5597 uusssatatou
393 5501 421 5560 ιι
436 5486 688 5598 ιιιὲιωιῶιιιιιιιιώι
705 5482 874 5596 ἰἰιιιιιιῖωιὲιιο

93 5555 873 5678 ιιιὶιιιῗιῖιιιιιιιιιῗιῗιῗιιιιιῗιιιιιιιᾞῗιίῗιιῖῑιιιιιιᾳῖῗιίιιιέἓ

92 5669 248 5722 emittitis...
267 5671 393 5722 scieudtnu
411 5679 494 5722 autem
514 5669 578 5734 quod
594 5667 872 5734 wicbausbdurcgto

92 5735 222 5785 suebraets
230 5732 458 5786 ruenmdtctnu.»
472 5739 527 5784 tuo.
539 5739 615 5784 t'rres.

680 264 780 322 uben
800 262 944 322 bucttttts
962 260 1131 322 beatum.

1676 263 1728 322 itt

945 373 1115 444 Euangetium
1136 383 1209 430 tuum
1231 373 1303 431 satus
1324 383 1365 430 est
1383 374 1437 439 eis,
1453 375 1497 446 qni
1517 373 1630 431 creduut
1650 375 1675 430 iu
1691 386 1727 432 to.

943 463 1080 520 intendens
1103 466 1216 520 intendes
1240 483 1328 520 arcum
1348 478 1418 520 tuum
1440 483 1515 537 super
1536 478 1645 538 sceptro,
1667 467 1729 523 dicit

942 555 1066 612 Dominus
1089 574 1099 612 .·
1121 557 1173 613 hoc
1197 566 1246 622 est,
1275 558 1480 613 comminaberis
1505 558 1629 627 iudicum
1652 569 1728 614 tuum

942 649 1022 704 etiarn
1034 647 1140 718 regibus
1152 656 1241 704 terrae.
1256 646 1416 704 Fluminibus
1430 650 1560 705 scindetur
1574 660 1641 706 terra
1656 668 1663 706 :
1679 651 1730 707 boe

941 750 994 806 est,
1010 739 1179 795 intuentibus
1199 739 1369 795 sermonibus
1382 739 1585 810 praedicantium
1604 750 1647 807 te,
1664 756 1729 812 ape·

941 831 1043 885 rieutur
1055 830 1087 885 ad
1109 829 1289 886 contuendum
1305 830 1440 886 bominum
1463 831 1562 898 eorda,
1580 831 1677 901 quibus
1689 831 1730 886 di·

941 931 1014 974 etunt
1024 921 1692 994 cst,Scinditecordauestru,etuouuestimenta(loci
1700 939 1729 989 n,

941 1011 996 1082 is).
1013 1011 1081 1080 Quid
1104 1022 1155 1078 est,
1173 1010 1297 1066 Videbunt
1313 1021 1350 1078 te,
1371 1021 1396 1066 el
1414 1012 1533 1066 dolebunt
1551 1014 1656 1083 populi,
1679 1011 1731 1069 nisi

941 1111 969 1155 ut
983 1102 1097 1173 tegendo
1110 1103 1163 1157 sint
1176 1102 1261 1158 beati?
1274 1102 1342 1169 Quid
1358 1113 1408 1170 est,
1425 1102 1574 1173 Dispergens
1591 1120 1670 1172 aquas
1684 1104 1727 1157 iu-

940 1209 1012 1247 cessu
1027 1195 1048 1258 ¹,
1062 1193 1112 1248 nisi
1135 1193 1297 1248 anrbntaudo
1317 1193 1342 1247 in
1362 1193 1401 1248 eis
1424 1195 1468 1263 qni
1491 1202 1517 1248 te
1539 1209 1730 1266 usquequaque

940 1285 1108 1348 anrmntiant,
1122 1285 1170 1339 trac
1183 1296 1262 1355 atque
1272 1285 1322 1338 bac
1331 1283 1462 1354 dispergis
1474 1283 1571 1339 itucuta
1584 1284 1731 1343 doctrinrct

940 1373 1202 1445 presbeterum
1220 1376 1288 1429 dedit
1305 1391 1391 1428 rocem
1403 1376 1538 1429 sararulan
1558 1375 1726 1444 profunditas

940 1466 1029 1520 cordis
1043 1466 1152 1519 humani
1167 1465 1230 1535 quid
1251 1466 1275 1518 ci
1293 1465 1428 1519 uideretur
1447 1466 1596 1534 expressitt
1612 1466 1728 1520 Altitudo

942 1558 1084 1628 plrautuaiu¹
1093 1573 1154 1623 ιιι,
1168 1567 1294 1628 tauquam
1308 1571 1401 1612 versus
1411 1557 1558 1627 superioris
1570 1567 1611 1613 est
1623 1557 1730 1628 esposi-

940 1650 996 1714 tio;
1010 1648 1121 1703 attitndo
1134 1649 1204 1702 euim
1217 1657 1258 1703 est
1268 1647 1389 1720 abyssus.
1403 1647 1478 1716 erod
1489 1657 1577 1702 autem
1588 1649 1634 1714 ait,
1646 1648 1730 1718 pean·

940 1743 1011 1797 tasiee
1025 1757 1087 1808 sue,
1101 1740 1312 1797 subaudiendum
1328 1750 1386 1806 est,
1404 1756 1487 1795 uocem
1499 1740 1590 1795 dedit:
1605 1740 1655 1796 boc
1668 1750 1726 1809 est,

939 1834 1010 1905 quod
1020 1834 1145 1897 diximus,
1158 1833 1220 1904 quid
1237 1834 1260 1889 ei
1277 1833 1412 1888 rideretur
1426 1834 1567 1903 expressit.
1586 1833 1728 1892 utrantasta

938 1926 1037 1996 quippe
1051 1925 1118 1981 visio
1136 1934 1188 1990 est,
1203 1939 1281 1996 quam
1296 1940 1348 1979 non
1362 1926 1456 1991 tonuit,
1475 1942 1526 1980 non
1546 1929 1663 1996 operuit,
1676 1927 1726 1985 sed

938 2015 1089 2071 coufitendo
1104 2016 1241 2072 eructarit.
1259 2013 1377 2069 Eleoutns
1395 2026 1431 2069 est
1441 2015 1490 2081 sol,
1507 2025 1531 2070 ei
1546 2016 1606 2071 lttuo
1618 2019 1684 2072 stetit
1698 2018 1727 2074 itt

938 2107 1028 2162 ordine
1040 2124 1085 2162 suo
1100 2107 1172 2162 :troc
1187 2116 1239 2173 est,
1259 2107 1378 2161 ascendit
1391 2104 1514 2161 Christus
1528 2107 1553 2161 in
1569 2107 1683 2176 coetum,
1698 2116 1727 2165 ct

938 2199 1058 2255 ordinata
1073 2210 1113 2255 est
1136 2199 1255 2255 Ecclesia
1271 2199 1321 2254 sub
1335 2215 1397 2270 rege
1415 2214 1474 2253 suo.
1493 2198 1527 2254 tn
1545 2203 1625 2254 tueenr
1637 2201 1728 2272 jaculo

939 2299 982 2345 tua
995 2289 1090 2346 ibunt:
1109 2289 1160 2346 hoe
1173 2299 1230 2357 est,
1251 2306 1303 2346 uon
1323 2291 1349 2347 iu
1364 2291 1514 2353 occuitum.
1531 2293 1578 2348 sed
1593 2293 1619 2347 in
1639 2293 1728 2348 triani-

938 2379 1035 2437 festum
1049 2383 1129 2438 uerba
1144 2392 1189 2437 tna
1206 2383 1353 2437 mittentur.
1373 2380 1406 2436 tu
1426 2382 1585 2453 splendorem
1603 2400 1722 2439 corusce·

939 2471 1013 2525 tionis
1032 2488 1159 2526 erutorum
1180 2483 1280 2526 tuorum
1298 2488 1307 2527 :
1324 2473 1536 2529 subaudiendum
1559 2484 1617 2542 est,
1635 2477 1727 2547 jacula

938 2562 1070 2617 tuaibnnt.
1087 2563 1193 2619 Dixerat
1208 2564 1278 2619 enirn
1293 2565 1359 2632 suis,
1374 2565 1438 2633 eroe
1457 2565 1514 2620 dieo
1528 2566 1596 2621 uobis
1613 2568 1639 2621 iu
1655 2578 1725 2622 terre·

938 2653 1000 2721 bris,
1015 2654 1089 2708 dicite
1099 2656 1124 2709 in
1135 2655 1230 2711 lumine
1243 2655 1348 2728 (Mattlt.
1367 2672 1396 2723 x,
1412 2656 1517 2727 2¹1).ln
1533 2659 1726 2716 centuriautioue

937 2744 1074 2799 minorabis
1087 2755 1179 2800 terrem
1191 2761 1201 2800 .·
1215 2747 1302 2812 idest,
1313 2747 1499 2802 comminando
1514 2749 1663 2805 humiliabis
1674 2750 1725 2805 bn·

936 2835 1032 2894 mines.
1048 2835 1081 2890 st
1095 2837 1121 2892 in
1140 2838 1226 2906 [urere
1244 2840 1345 2910 dejicies
1359 2850 1445 2912 gentes
1461 2857 1471 2895 .·
1485 2842 1546 2912 quia
1567 2845 1671 2914 eosqui
1693 2859 1725 2901 se

936 2931 1065 2998 exaltant,
1079 2928 1238 2989 viridicantlo
1252 2930 1373 2991 collidet.
1388 2930 1471 2991 Eetttt'
1481 2933 1507 2986 iu
1517 2934 1624 2989 salutent
1635 2935 1725 3012 populi

937 3023 984 3086 tui,
996 3022 1112 3079 utantuos
1122 3025 1239 3093 [aceres¹
1252 3022 1357 3079 cirristes
1371 3035 1427 3081 tuos
1438 3026 1490 3098 (a),·
1500 3029 1591 3083 misisti
1603 3031 1629 3083 iu
1639 3030 1724 3101 capitu

936 3116 1078 3182 iniquorum
1088 3126 1192 3169 rrrorteru
1202 3131 1211 3169 ε
1221 3116 1287 3171 nitrit
1299 3117 1392 3172 borum
1406 3127 1447 3174 est
1456 3120 1652 3188 exponendum.
1667 3120 1721 3178 Ee-

936 3206 1018 3261 eitnsti
1030 3207 1130 3261 uincula
1149 3222 1227 3276 usque
1244 3208 1278 3261 ad
1295 3206 1397 3265 collum.
1414 3209 1447 3263 Et
1468 3210 1537 3264 bona
1552 3211 1596 3266 bic
1610 3220 1723 3281 passuri

936 3298 1046 3368 intettigi
1060 3298 1164 3353 vincula
1179 3299 1331 3368 septenne,
1353 3309 1382 3353 ut
1404 3300 1553 3370 injiciantur
1568 3302 1578 3333 ³
1594 3303 1674 3370 pedes
1693 3305 1722 3361 tn

934 3387 1077 3459 compedes
1091 3389 1158 3459 ejus,
1172 3389 1304 3444 etcottnrn
1319 3389 1344 3444 in
1359 3400 1480 3461 torquent
1495 3395 1564 3460 ejus.
1576 3392 1722 3450 Praecidisti

934 3480 961 3535 iu
980 3489 1082 3549 stupore
1097 3482 1188 3535 rrreuds
1209 3479 1436 3547 subaudiamus,
1451 3483 1550 3536 utneuto
1567 3498 1577 3537 .·
1594 3485 1722 3540 excitarit

934 3572 1006 3626 cuim
1016 3570 1094 3636 bona,
1110 3570 1229 3640 praecidit
1242 3571 1321 3636 inrita,
1338 3571 1370 3625 do
1385 3573 1480 3641 quibus
1495 3573 1519 3627 ei
1533 3572 1640 3638 dicitur,
1657 3574 1719 3631 Dis-

933 3663 1024 3732 rupisti
1036 3662 1136 3717 uinculo
1151 3678 1206 3716 meo
1220 3661 1305 3730 (Psoi.
1319 3677 1380 3729 cxv,
1395 3663 1439 3734 ib)
1456 3681 1463 3716 r
1478 3676 1504 3718 et
1517 3663 1568 3720 boc
1580 3663 1606 3719 iu
1617 3676 1720 3736 stupore

933 3754 1033 3820 utentis,
1045 3752 1071 3807 id
1084 3762 1134 3821 est,
1148 3753 1314 3808 mirabiliter.
1328 3751 1419 3823 Capite
1432 3755 1569 3823 petentium
1584 3759 1720 3810 urouebuu·

933 3853 974 3898 tur
993 3845 1019 3898 iu
1038 3860 1067 3897 ee
1088 3858 1097 3898 :
1117 3844 1143 3899 iu
1163 3847 1219 3899 eai
1240 3844 1342 3898 scilicet
1362 3843 1547 3899 admiratione.
1566 3846 1721 3916 Adaperieut

934 3952 1031 3991 nrorsus
1040 3951 1108 4001 suot,
1119 3936 1183 3990 sicut
1191 3936 1265 3990 edens
1272 3952 1367 4006 pursper
1374 3935 1501 3990 merente.
1512 3935 1635 3992 Potentes
1645 3938 1719 3994 enint

933 4028 1039 4100 quidam
1049 4028 1204 4102 iudeorum
1223 4027 1367 4082 vestiebant
1378 4027 1411 4082 ad
1426 4027 1565 4082 bominum
1575 4029 1643 4084 tacta
1658 4030 1718 4100 ejus

932 4131 959 4176 et
974 4120 1053 4175 rerba
1068 4119 1167 4184 mirati,
1182 4126 1210 4173 et
1223 4117 1373 4173 esurientes
1387 4133 1482 4188 panem
1496 4117 1625 4175 doctrine
1637 4136 1716 4175 tiran-

933 4213 1067 4269 ducabant
1085 4211 1216 4266 absconse
1237 4218 1345 4281 propter
1359 4219 1458 4265 metum
1471 4209 1634 4278 indecorum,
1648 4212 1719 4268 sicut

931 4321 978 4363 eos
992 4305 1106 4377 prodidit
1117 4304 1288 4375 Euangetium
1301 4300 1389 4375 (ioan.
1401 4319 1457 4366 arx,
1470 4303 1527 4374 58).
1538 4302 1574 4358 Ει
1585 4305 1712 4360 imrrrisisti

931 4400 958 4454 iu
968 4415 1037 4452 utere
1048 4413 1124 4468 eques
1136 4405 1192 4450 tuos
1206 4396 1334 4450 turbantes
1353 4412 1432 4466 aquas
1446 4395 1540 4451 inultas
1554 4413 1564 4451 .·
1576 4413 1634 4467 qne
1649 4395 1716 4452 nibil

931 4498 994 4546 sunt
1007 4487 1088 4552 atiud,
1099 4502 1179 4558 quam
1193 4486 1282 4556 populi
1298 4486 1381 4543 mutti.
1401 4485 1459 4541 Non
1473 4489 1542 4543 enirn
1561 4487 1605 4542 atii
1621 4489 1717 4543 timore

931 4588 1158 4643 converterentur,
1167 4577 1211 4632 atii
1225 4576 1316 4632 surore
1326 4587 1558 4647 persequerentur,
1566 4579 1616 4634 nisi
1625 4593 1718 4635 ornnes

932 4671 1113 4727 turbarentur.
1129 4669 1272 4735 Obseruaui,
1288 4678 1312 4723 et
1330 4670 1429 4739 expauit
1443 4679 1528 4731 aeriter
1540 4686 1639 4723 meuse
1658 4687 1719 4726 roes

930 4764 1050 4819 orationis
1064 4763 1187 4818 latiorum
1200 4777 1312 4816 ιιιιιιιι
1328 4779 1334 4815 :
1350 4772 1374 4816 et
1386 4761 1495 4814 introivit
1511 4769 1603 4815 trentor
1616 4762 1643 4815 iu
1659 4777 1718 4818 otte

930 4870 995 4920 mea,
1005 4863 1029 4909 et
1042 4854 1127 4909 subtus
1144 4869 1184 4907 sne
1194 4851 1293 4906 turbata
1303 4860 1338 4905 est
1352 4850 1471 4904 tabitudo
1483 4866 1547 4904 uice.
1563 4851 1677 4908 intendit
1690 4852 1718 4910 iu

929 4960 962 5001 ea
977 4960 1035 5016 quae
1048 4943 1163 5010 dicebat,
1177 4951 1204 4998 et
1223 4943 1279 5012 ipsa
1294 4955 1340 4996 sua
1355 4952 1397 4994 est
1411 4941 1534 4996 oratione
1547 4943 1716 5010 perterritus,

928 5052 1008 5108 quam
1024 5035 1179 5107 prophetice
1190 5032 1325 5098 tundebat,
1336 5042 1363 5087 ct
1374 5031 1400 5086 iu
1412 5046 1463 5103 qua
1479 5031 1565 5087 tutura
1578 5034 1716 5092 cernebat.

959 5237 968 5267 ¹
986 5234 1062 5284 uditio
1071 5240 1136 5292 tou,
1150 5229 1276 5296 disperges
1293 5242 1368 5294 equas
1378 5226 1404 5279 iu
1415 5226 1517 5281 incessu
1530 5233 1714 5287 mandaturos

927 5297 999 5391 “¹1⁶⁵
1009 5296 1062 5345 attis
1069 5302 1095 5344 ιι
1105 5293 1280 5363 puonscriptis,
1286 5293 1375 5356 quibus
1385 5291 1545 5355 suffragantur
1552 5300 1714 5360 septuaginta.

983 5364 1036 5407 tiss.
1086 5369 1144 5406 ιιαι.

958 5420 969 5452 ⁸
985 5390 1047 5468 ertitr'
1054 5358 1100 5477 ,litt
1110 5414 1252 5467 tundamur.
1266 5415 1347 5477 aptius
1355 5422 1435 5464 autem
1447 5422 1511 5476 uss,
1528 5423 1553 5467 ut
1563 5414 1711 5479 mjicierttur.

957 5480 969 5513 ⁸
985 5481 1123 5543 bepettmns
1135 5479 1181 5532 tric,
1191 5475 1216 5526 in
1224 5490 1262 5538 eo,
1272 5478 1342 5541 juxta
1353 5481 1535 5541 manuscriptos,
1544 5479 1609 5544 quod
1621 5481 1652 5528 ab
1663 5491 1711 5529 ani.

925 5548 962 5591 tx.
976 5549 1001 5592 ιι
1012 5549 1065 5592 tor.
1078 5552 1192 5590 onussum
1203 5547 1249 5588 est.

956 5604 993 5666 (α)
1003 5601 1179 5653 sicsocuadum
1194 5607 1247 5650 cxx
1259 5598 1320 5664 tegit
1332 5601 1405 5650 ettam
1415 5600 1576 5650 Tertullianus
1587 5601 1611 5650 in
1623 5600 1684 5651 ttbro
1695 5602 1711 5652 t

925 5674 1007 5716 eontra
1022 5665 1172 5724 eudonem,
1182 5674 1235 5725 cap.
1247 5661 1286 5712 59.
1304 5668 1338 5712 tte
1355 5661 1457 5727 retiquis
1472 5663 1711 5725 interpretationibus

924 5727 1043 5778 udeudus
1053 5721 1554 5790 tueromrnnsadtruoctocamcoooeus.
1751 5748 1756 5760 ·
