3870 6390
232 319 285 376 bib

230 434 310 502 litque
323 432 356 485 sit
377 431 453 496 {arrige
468 426 653 496 praestabilius,
669 439 745 494 qrtaur
759 435 800 478 est
816 424 878 477 illud
899 422 967 475 narde
978 421 1011 474 ab

229 523 282 577 alio
296 531 441 590 superatur.
457 525 494 571 he
508 532 553 584 per
565 516 614 570 hoe
628 531 693 568 satio
704 530 818 583 rcroque
829 514 938 583 judicio,
952 528 1010 565 curn

230 610 390 667 coutinentia
417 608 538 676 eorajrrgio
562 605 733 675 praeferatur,
750 604 842 659 melior
859 613 901 657 est
925 613 1010 657 tamen

230 700 310 756 hemo
331 700 413 754 hdelis
439 700 603 768 conjugatus,
627 712 704 766 ipuaru
726 697 864 750 continens
886 694 1009 749 inlrdelis.

230 789 283 845 Sed
298 789 411 843 iulidelis
424 787 503 841 laonio
525 803 577 841 nort
592 787 676 840 soluur
690 786 775 839 tatinus
793 784 948 849 laudandus,
964 798 1012 838 re·

230 894 289 934 ram
313 879 391 932 etiarn
417 877 530 931 maritate
550 876 720 931 detestandus
743 885 793 929 εει.
816 874 1012 928 Constituamus

229 969 321 1023 ambos
334 969 417 1022 bonos
433 970 459 1031 ι;
475 970 553 1022 etiam
569 967 607 1021 sie
627 966 745 1036 prolecto
758 967 851 1020 melior
863 976 904 1020 est
918 967 1010 1034 coraja-

230 1070 305 1130 gutus
332 1059 501 1114 fidelissimus
526 1068 554 1112 et
581 1058 814 1112 obedientissimus
841 1056 905 1120 Deo,
933 1071 1010 1125 apuam

230 1153 369 1207 eutatineus
389 1150 498 1204 ruiraoris
527 1150 588 1203 fidei
613 1149 773 1218 minorisque
793 1148 952 1202 ohedientia.
968 1147 1011 1200 :si

230 1256 294 1297 reru
309 1244 379 1309 paria
394 1242 447 1296 siut
461 1251 556 1295 cetera
568 1281 576 1308 ,
590 1241 768 1295 coutinentem
782 1239 922 1310 corajugato
943 1255 1012 1309 prae·

229 1331 322 1388 ferre¹
336 1333 393 1402 quis
405 1329 539 1400 ambigat?

229 1442 341 1501 CAPUT
362 1442 543 1498 xxh'ttt.-
559 1441 595 1495 De
613 1441 651 1494 hia
673 1441 769 1508 quaein
788 1439 856 1494 Esau
883 1452 905 1494 et
932 1439 1012 1494 tacet

431 1533 533 1601 mystice
567 1532 802 1601 proefiparehautar.

265 1647 321 1702 Duo
341 1647 420 1716 igitur
442 1646 512 1699 isaac
532 1643 589 1709 lilii,
604 1644 674 1698 Esau
688 1653 714 1697 et
727 1642 819 1709 Jacob,
833 1643 931 1712 pariter
951 1659 1012 1698 cre·

231 1746 317 1793 aeaut.
341 1737 472 1790 Primatus
495 1736 604 1804 majoris
627 1731 818 1788 transfunditur
831 1733 858 1787 iu
884 1734 1013 1788 minorem

228 1844 263 1885 ex
280 1838 357 1898 paeto
381 1838 406 1881 et
420 1827 517 1897 placito
534 1826 603 1881 inter
626 1826 696 1889 illus,
709 1840 741 1879 eo
754 1825 824 1894 quod
849 1825 1011 1891 lenticulam,

228 1936 306 1991 quem
320 1921 408 1973 ciburn
423 1919 509 1972 tuinor
524 1916 683 1988 paraverat⁸
698 1958 706 1984 ,
720 1917 804 1986 major
817 1917 1014 1972 inamoderauus

228 2011 395 2082 concupivit,
413 2025 497 2077 corrue
512 2011 595 2079 pretio
618 2011 791 2079 primogenita
810 2025 857 2063 sua
880 2009 953 2064 tratri
967 2011 1012 2079 ju·

228 2105 329 2158 ratione
339 2103 492 2170 interposita
504 2101 629 2156 vendidit.
643 2100 693 2156 Ubi
707 2101 832 2156 discimus
844 2101 870 2154 iu
882 2101 1014 2155 vescendo

229 2208 282 2247 nou
296 2193 346 2246 cihi
366 2207 474 2262 guttere,
490 2192 536 2245 sed
552 2191 676 2246 aviditate
698 2190 871 2245 immoderata
883 2206 1014 2261 quemque

228 2285 396 2353 culpandum.
410 2284 530 2338 Senescit
544 2284 625 2347 isaac,
647 2285 758 2354 ejusque
771 2284 856 2338 oculis
876 2300 926 2353 per
938 2300 1014 2338 sene-

228 2383 296 2430 ctam
312 2375 383 2428 risus
398 2374 524 2429 aufertur.
536 2373 598 2427 Vult
610 2374 767 2429 benedicere
779 2374 860 2427 hlium
870 2375 1009 2444 majorem,

228 2473 256 2519 ct
272 2480 319 2532 pro
340 2464 385 2517 illo
406 2467 529 2518 nesciens
553 2463 686 2517 benedicit
711 2464 852 2524 minorem,
869 2463 1013 2532 probatae

228 2555 395 2625 majorachi
410 2567 467 2610 erat
483 2556 593 2624 pilosus,
608 2569 637 2608 se
647 2554 763 2623 paternis
777 2554 898 2608 manibus
911 2570 1012 2623 suppo-

228 2655 334 2701 nentem
353 2686 361 2711 ,
375 2645 487 2700 haedinis
502 2646 551 2700 sibi
567 2644 693 2714 pelliculis
705 2646 831 2713 coaptatis
843 2645 915 2698 relut
928 2647 1013 2700 alicua

229 2745 335 2804 peccata
362 2745 521 2804 portantem.
548 2735 600 2790 Ιειε
621 2735 697 2790 dolus
716 2735 807 2801 Jacob,
822 2752 855 2790 ae
880 2748 1014 2806 putaretur

230 2827 509 2891 lraudulentusdolus,
532 2835 623 2882 etaou
648 2828 673 2881 in
693 2842 726 2881 co
740 2843 842 2896 maguae
856 2830 893 2882 rei
916 2840 1014 2899 myste-

228 2919 296 2974 tium
322 2929 495 2990 qrraercretur,
510 2920 631 2989 superius
646 2921 767 2989 praedixit
779 2920 933 2989 Scriptum:
950 2922 1013 2976 Erat

229 3007 300 3064 Esau
314 3012 387 3064 heato
400 3013 480 3064 aciens
495 3013 579 3064 arenart
591 3052 599 3077 ,
614 3012 716 3081 carectis
733 3010 833 3066 :Jacob
845 3024 927 3067 autera
940 3014 1013 3068 laonio

227 3100 343 3170 simplex,
353 3102 468 3156 luibitaua
480 3104 580 3156 domurn
595 3100 675 3170 (Gerr.
692 3119 753 3165 xxv,
772 3101 866 3166 bil-34,
880 3103 943 3175 Ἢ).
957 3104 1013 3159 lloe

227 3193 313 3260 nostri
325 3192 430 3262 uuidmu
446 3193 609 3263 interpretati
623 3204 693 3257 sunt,
702 3195 756 3248 aiae
768 3193 837 3249 dolo.
852 3196 916 3252 Sive
926 3206 1013 3251 autem

226 3283 282 3356 alae
295 3284 364 3349 alala,
379 3286 433 3338 sive
446 3285 564 3355 airrtplea,
578 3285 635 3338 sire
660 3285 745 3353 potius
758 3286 812 3338 siue
826 3287 928 3355 fictione
940 3287 1013 3343 dica·

227 3382 279 3440 tur,
302 3375 372 3443 quod
392 3383 432 3428 est
445 3389 531 3442 grece
551 3380 679 3436 ἄπλαστος,
695 3377 755 3445 quis
769 3385 809 3431 εει
820 3377 853 3432 ‘iu
868 3378 916 3431 ista
930 3380 1013 3447 perci-

227 3465 321 3533 pienda
349 3465 533 3519 bencdictione
559 3466 634 3519 doliis
650 3466 764 3521 liumiuis
787 3470 844 3523 sine
858 3469 941 3523 dolo?
955 3471 1014 3540 quis

227 3564 268 3611 εει
282 3557 359 3611 dolus
372 3557 508 3626 simplicis,
533 3573 592 3626 qum
617 3560 687 3612 lietio
709 3576 761 3613 riou
785 3563 947 3627 mentientis,
964 3564 1013 3616 uisi

227 3646 384 3717 protundum
400 3648 553 3716 arrysterinm
569 3638 703 3702 ueritatis?
718 3648 773 3718 lpsa
800 3662 887 3705 alitem
903 3653 1013 3707 laencdi·

227 3735 281 3787 etio
293 3735 378 3803 qualis
401 3736 459 3789 est?
475 3734 549 3800 Ecce,
571 3737 664 3806 intpttit,
688 3741 751 3793 arluc
763 3741 811 3809 filii
830 3742 880 3795 mei
894 3753 1013 3812 tanquam

228 3822 290 3877 odor
303 3826 360 3893 apri
379 3826 454 3895 pleni,
472 3844 543 3895 quern
570 3828 693 3882 benedicit
708 3827 843 3885 bonitate.
861 3832 893 3885 lt't
915 3833 955 3886 det
970 3833 1014 3886 tibt'

227 3910 297 3966 Deae
309 3916 339 3967 de
364 3932 420 3968 rore
431 3916 498 3981 areli,
521 3926 544 3970 et
559 3919 590 3971 cle
602 3920 711 3974 ubertate
727 3931 810 3986 terrae,
834 3933 857 3974 et
873 3924 1013 3977 araltt'tadt'-

228 4021 285 4058 ucat
298 4009 416 4078 [ructanti
429 4018 451 4062 et
465 4010 515 4063 uini
528 4026 537 4063 .·
550 4020 574 4064 et
588 4012 697 4065 mutatu
706 4014 749 4066 tihi
761 4026 854 4084 pentes,
867 4026 890 4070 et
909 4018 1014 4071 adorent

228 4105 252 4149 te
266 4097 399 4165 principes,
414 4109 437 4152 et
450 4100 519 4166 fias*
534 4101 650 4156 danrittaa
664 4104 751 4171 {reatris
764 4107 811 4172 tai,
836 4117 860 4160 ct
873 4109 1013 4163 adoratura

229 4196 253 4239 ta
267 4187 313 4253 filii
328 4190 405 4256 patria
420 4191 466 4242 tui.
482 4190 532 4258 Qui
544 4193 700 4248 maledixerit
713 4206 746 4260 te,
759 4198 922 4265 maledictam
936 4209 959 4253 et
971 4203 1014 4270 qai

229 4278 380 4333 benedicerit
403 4292 436 4347 te,
461 4284 611 4338 benedictas.
637 4288 793 4345 Benedictio
818 4290 897 4360 igitur
920 4291 1012 4358 Jacob,

229 4371 382 4440 praedicatio
395 4371 499 4447 ,ctutstt
513 4385 553 4428 εει
566 4376 592 4429 in
611 4378 733 4433 cuntibus
746 4381 878 4448 gentihus.
894 4381 949 4436 lloc
972 4382 1011 4449 ht,

229 4460 376 4530 hocagitur
390 4482 397 4518 ;
412 4465 465 4519 Lea
479 4475 505 4519 et
521 4465 660 4536 Prophetis
675 4479 717 4524 cst
739 4470 811 4524 lsaae
825 4471 836 4503 ⁸
852 4472 951 4526 :etiam
966 4488 1013 4541 per

228 4567 260 4607 οε
273 4554 423 4609 Jadeorum
437 4557 558 4613 Christus
572 4561 605 4613 ab
616 4561 659 4614 illa
676 4562 841 4616 benedicitur
855 4564 927 4618 rehu
939 4580 954 4619 a
967 4581 1013 4619 ue·

228 4645 338 4712 sciente,
362 4646 423 4714 qaia
445 4649 500 4716 ipsa
525 4653 650 4705 uescitur.
665 4653 752 4708 Odore
769 4655 882 4708 nominis
904 4655 1024 4722 (linistis

228 4737 296 4792 sieut
307 4752 379 4807 ager,
403 4740 517 4796 muudus
530 4742 674 4811 impletur:
693 4745 750 4814 ejus
764 4755 805 4799 cst
821 4746 969 4801 benedictio
980 4744 1012 4802 tle

228 4845 289 4884 rure
301 4830 371 4895 eceli,
389 4831 439 4886 hoe
459 4847 510 4899 est,
530 4834 563 4888 de
578 4837 718 4890 rerborurn
740 4838 828 4906 pluria
842 4839 1010 4903 diriuurum;

227 4928 255 4972 ει
268 4919 301 4972 de
315 4920 433 4976 ubertate
448 4933 534 4990 terrae,
547 4923 598 4980 herc
609 4937 660 4988 εει,
669 4927 702 4981 de
715 4931 917 4998 congregatione
928 4946 1013 4998 popu-

228 5009 313 5065 lorum
326 5030 334 5066 :
347 5013 403 5083 ejus
417 5026 458 5069 est
471 5016 610 5072 ratoltitudo
626 5019 752 5074 humenti
766 5031 792 5075 et
806 5023 869 5086 viai,
890 5021 941 5076 hoe
959 5033 1009 5090 est,

260 5168 268 5199 ¹
285 5166 426 5236 sicmagno
447 5185 566 5222 consensu
588 5175 750 5236 manuscripti.
764 5183 792 5224 ιιι
811 5176 877 5234 editi,
889 5176 935 5225 sed
954 5189 1010 5225 coa-

227 5226 303 5278 tbtecs
322 5225 426 5298 inficialis
446 5231 514 5281 traina
537 5247 582 5284 nun
604 5235 681 5285 calum
702 5235 780 5286 uanas
800 5236 935 5287 laridandus
954 5245 1009 5296 eut,

226 5288 284 5350 piria
293 5302 319 5340 εε
330 5294 439 5347 camalet,
448 5293 506 5342 dam
514 5307 561 5345 nort
572 5299 669 5357 areatat,
681 5311 762 5347 terum
773 5298 844 5348 etiarn
855 5296 928 5347 inulto
935 5298 1010 5361 mapa

227 5349 406 5414 altaperuudus,
418 5354 474 5413 cuia
485 5367 531 5404 nou
542 5357 627 5414 credit.
640 5373 694 5408 eura
704 5373 729 5409 ae
740 5358 865 5410 corttt'tteat.
875 5359 1009 5410 coustitue-

226 5413 520 5474 merqoaadmbauaa.

258 5472 660 5539 'atss.ffl50ethbhb,proeserri.
693 5488 720 5529 tt.

236 5556 241 5574 ι
258 5534 269 5566 ⁸
285 5532 338 5584 sota
350 5535 424 5584 editio
435 5544 500 5600 tor,
511 5552 539 5589 ea
549 5541 610 5602 qaod
620 5540 764 5600 baladam,
773 5553 843 5601 quatu
853 5539 930 5592 mbtar
938 5554 1008 5605 pera

226 5604 303 5645 verttt.
338 5607 364 5646 M.

258 5657 461 5721 lassatam.

258 5718 268 5748 ⁸
284 5724 321 5769 ts.
335 5731 360 5773 et
370 5727 435 5786 ton,
447 5728 481 5774 est
492 5722 517 5775 in
530 5731 605 5775 tatae.
617 5705 740 5785 thoat't'tt,
752 5736 767 5773 a
780 5697 844 5775 ttadss
857 5731 906 5775 aaa.
918 5733 944 5776 ct
953 5731 1005 5776 ttae.

747 311 788 366 [lb
807 309 966 364 ctt'tttte
988 305 1051 370 hat,
1068 304 1096 360 S.
1117 305 1298 361 AUGUSTlh'l

1798 310 1845 364 bib

1066 416 1205 470 multitudo
1225 434 1301 485 tanain
1317 419 1416 487 colligit
1437 419 1594 473 lrurneutunr
1611 430 1638 474 ει
1653 420 1742 472 rirauru
1764 420 1789 473 iu
1803 422 1847 473 Sa·

1065 521 1201 562 craraaeuto
1223 511 1342 578 eorporis
1369 522 1396 564 ει
1420 513 1553 580 sanguinis
1581 514 1647 580 ejus.
1678 512 1708 565 ht
1734 513 1847 568 serviant

1063 589 1166 666 gentes,
1192 599 1277 667 ipsum
1300 601 1411 654 adurant
1434 603 1573 670 principes.
1597 603 1654 672 lpse
1672 601 1846 658 cstduruinus

1065 686 1154 742 fratris
1180 690 1231 755 sui,
1258 692 1318 759 qraia
1345 692 1456 761 populus
1480 693 1538 762 ejus
1562 694 1716 748 dominator
1741 693 1845 749 ludaeis.

1064 779 1152 850 lpsurn
1169 783 1280 836 adurant
1304 784 1349 836 ttttt
1364 784 1444 852 patris
1463 786 1529 852 ejus,
1546 784 1596 839 hoc
1609 797 1659 845 cst,
1676 785 1722 839 salii
1741 786 1846 842 thaha

1064 874 1209 927 securtdum
1225 874 1303 928 tidem
1327 877 1407 944 :qaia
1423 885 1450 930 et
1468 878 1523 945 ipsc
1537 878 1604 931 lilius
1626 887 1667 932 est
1680 878 1795 933 Abrahae
1808 895 1849 934 se-

1065 964 1179 1017 candum
1192 981 1309 1019 caruem.
1321 966 1406 1034 lpstmt
1421 969 1464 1035 qni
1479 968 1656 1033 trndedlxerit,
1672 970 1826 1026 utaledietus
1841 989 1848 1035 ;

1065 1057 1144 1124 etqui
1156 1056 1329 1121 benedixerit,
1344 1058 1498 1113 benedictus
1511 1070 1560 1114 cst.
1576 1060 1709 1128 Christus,
1723 1064 1847 1132 iuquam,

1065 1156 1156 1200 noster
1168 1147 1247 1201 etiam
1260 1164 1293 1202 ex
1316 1164 1363 1203 ore
1375 1149 1538 1217 ludaeorum,
1559 1155 1680 1222 quaeraris
1694 1155 1848 1217 erraratium,

1065 1234 1110 1288 sed
1127 1244 1215 1290 tamen
1229 1237 1323 1306 Legem
1339 1240 1536 1310 Prophetasipue
1558 1245 1721 1296 recitantium
1743 1242 1848 1298 bencdi-

1065 1324 1143 1391 citur,
1160 1326 1187 1379 id
1210 1337 1250 1381 est
1264 1330 1393 1384 veraciter
1407 1331 1518 1397 dicitur;
1535 1342 1562 1386 ct
1575 1334 1643 1386 alius
1658 1334 1779 1388 benedici
1801 1352 1848 1404 pu·

1067 1417 1196 1485 tarueaui
1210 1419 1295 1472 abeis
1310 1422 1460 1476 errantibus
1474 1433 1651 1492 exspectator.
1665 1424 1734 1479 Eece
1744 1425 1848 1481 bencdi-

1065 1506 1179 1559 ctionem
1206 1509 1363 1576 promissam
1393 1523 1529 1582 repetente
1551 1516 1669 1582 majore,
1700 1519 1849 1585 expavescit

1066 1596 1148 1660 isaac,
1172 1608 1199 1653 et
1218 1601 1298 1653 alium
1318 1616 1366 1670 pro
1379 1603 1432 1656 alio
1447 1618 1476 1658 se
1498 1604 1666 1660 benedixisse
1687 1621 1849 1676 cognosceus

1065 1690 1186 1756 trtiratur,
1201 1700 1228 1746 ει
1240 1694 1361 1762 quisnam
1384 1696 1429 1750 illc
1449 1697 1493 1762 sit,
1518 1708 1707 1769 percunctatur
1723 1720 1730 1754 :
1747 1716 1796 1756 nec
1811 1711 1849 1754 ta·

1066 1796 1126 1835 utcu
1149 1797 1178 1836 se
1192 1783 1330 1852 deceptum
1354 1801 1413 1840 esse
1428 1791 1614 1858 couqucr·itur;
1633 1791 1687 1845 imo
1711 1791 1849 1849 coralestim

1065 1873 1183 1925 rerelato
1196 1872 1246 1926 sibi
1268 1875 1337 1928 intus
1349 1877 1374 1928 iu
1389 1879 1467 1933 eorde
1480 1896 1576 1949 raaargno
1597 1892 1766 1938 sacramento
1777 1883 1849 1938 deri-

1067 1967 1104 2013 tat
1133 1961 1352 2030 indignationem,
1378 1968 1519 2021 coufirmat
1543 1969 1765 2027 benedictionem.
1790 1973 1851 2040 Quia

1066 2067 1132 2122 apo,
1160 2053 1254 2123 inqiut,
1270 2067 1373 2110 uenatus
1399 2069 1434 2111 εει
1457 2060 1517 2112 tullii
1534 2063 1698 2129 certationem,
1721 2073 1746 2116 et
1769 2064 1850 2117 t'atulit

1066 2143 1137 2207 arilei,
1158 2153 1180 2197 et
1206 2145 1352 2198 rrmrrdncaai
1374 2149 1405 2200 alr
1420 2150 1544 2214 ortantibus,
1556 2161 1689 2220 rarrtequam
1706 2163 1733 2205 tu
1748 2154 1849 2217 accirer,

1065 2240 1089 2284 et
1101 2233 1292 2301 benedicimur,
1306 2249 1328 2289 ει
1346 2238 1378 2290 ait
1400 2239 1559 2310 benedictas(
1572 2240 1634 2295 Geta.
1648 2259 1731 2306 xartt,
1744 2243 1848 2311 ‘tt-at,

1066 2322 1102 2377 55
1112 2323 1120 2392 )
1131 2323 1143 2376 l
1155 2324 1218 2391 Quis
1234 2341 1285 2379 raon
1302 2327 1344 2381 hic
1357 2331 1570 2385 riaaledietionenr
1584 2334 1671 2402 potius
1686 2344 1851 2403 exspectaret

1066 2414 1137 2481 irati,
1153 2417 1175 2470 si
1191 2417 1247 2473 hec
1269 2437 1322 2475 raon
1344 2438 1457 2491 superna
1478 2425 1660 2494 inspiratione,
1676 2429 1724 2482 sed
1748 2440 1851 2485 terreno

1066 2522 1140 2562 utare
1152 2513 1409 2578 gererenturtons,
1423 2528 1511 2584 gestas
1521 2517 1569 2571 scd
1577 2519 1731 2587 prophetice
1743 2530 1848 2589 gestas;

1065 2598 1091 2652 lu
1105 2607 1185 2665 terra,
1201 2603 1247 2656 scd
1261 2605 1381 2669 coelitus;
1398 2623 1444 2675 per
1458 2607 1589 2676 ltonaiuos,
1610 2612 1656 2665 sed
1667 2611 1795 2667 divinitus
1807 2614 1813 2666 l
1824 2614 1850 2668 Si

1065 2691 1235 2745 excutiuntur
1250 2695 1352 2764 stragula
1367 2697 1447 2751 tantis
1471 2698 1582 2753 secunda
1604 2703 1750 2772 mysteriis,
1769 2704 1849 2758 multa

1065 2789 1128 2835 saut
1151 2782 1283 2852 irupleuda
1312 2786 1445 2841 rolunriua
1470 2809 1477 2842 ι
1504 2791 1548 2845 sed
1575 2791 1636 2845 huie
1656 2794 1730 2860 operi
1759 2794 1850 2848 modus

1065 2871 1201 2928 moderate
1231 2876 1407 2945 imponendus
1427 2895 1476 2934 ιιοε
1496 2881 1521 2933 iu
1547 2883 1598 2936 alia
1626 2884 1754 2939 lestiuare
1780 2901 1849 2940 eom·

1065 2963 1148 3032 pellit.

1065 3071 1177 3131 CAPUT
1200 3077 1438 3136 xuthi-tte
1461 3086 1535 3138 nataae
1555 3084 1634 3138 Jacob
1653 3088 1679 3139 iu
1709 3086 1850 3157 Mesopota·

1100 3169 1177 3222 uriom
1190 3173 1223 3223 od
1237 3176 1406 3242 accipiendam
1420 3193 1537 3239 acorem,
1552 3188 1573 3230 et
1592 3178 1622 3229 de
1633 3179 1726 3231 tricione
1737 3197 1811 3248 quarn
1824 3183 1849 3233 ιἰι

1100 3259 1188 3314 t'tt'aere
1200 3266 1348 3330 aaraniuait,
1362 3278 1385 3320 et
1395 3270 1426 3320 de
1439 3279 1546 3337 quatuor
1569 3270 1647 3338 ipsius
1663 3272 1763 3338 [curtiule
1774 3312 1782 3336 ,
1795 3287 1849 3325 cara

1065 3344 1067 3348 ⁸
1101 3373 1177 3409 anain
1192 3359 1301 3426 petiisset
1314 3374 1426 3411 crearent.

1101 3475 1127 3528 l.
1138 3472 1249 3527 Mittitur
1272 3470 1353 3525 Jacob
1376 3486 1391 3522 a
1409 3471 1562 3536 parentibus
1576 3473 1601 3523 iu
1617 3471 1847 3542 Mesopotamiam,

1065 3575 1094 3619 ut
1104 3565 1139 3618 ihi
1149 3564 1227 3618 ducat
1242 3578 1362 3616 uxorem.
1374 3561 1458 3615 Patris
1473 3561 1599 3615 uaitteutis
1608 3563 1759 3618 treenerha
1770 3575 1847 3620 suut:

1066 3654 1127 3709 Nau
1139 3655 1245 3720 accipies
1266 3668 1368 3706 taxarem
1390 3667 1421 3704 ex
1440 3653 1540 3719 filiabus
1555 3652 1757 3709 Chananoeoraru
1773 3672 1848 3710 :aar-

1065 3763 1124 3816 9ena
1137 3749 1195 3815 [ape
1209 3745 1235 3797 iu
1249 3742 1457 3812 Mesopotamiam
1479 3743 1504 3796 t'n
1518 3743 1619 3796 doarium
1631 3744 1740 3797 bathuel
1751 3786 1759 3811 ‚
1772 3749 1848 3814 patria

1065 3839 1152 3891 aratris
1163 3847 1221 3902 tate,
1237 3846 1260 3889 et
1273 3851 1344 3889 sante
1358 3834 1401 3888 tibi
1413 3835 1472 3888 iride
1485 3852 1585 3890 araurem
1600 3836 1631 3888 de
1639 3838 1739 3904 filiabus
1752 3836 1846 3904 Lebaia,

1066 3929 1151 4000 {ratris
1172 3929 1259 3981 ceutria
1273 3936 1332 3980 tate.
1354 3925 1421 3979 Deae
1433 3937 1517 3980 cutem
1538 3944 1606 3980 areas
1622 3925 1751 3980 benedicat
1775 3939 1812 3994 tc,
1825 3938 1848 3982 et

1065 4029 1154 4090 capeat
1170 4028 1210 4081 te,
1228 4028 1252 4071 et
1264 4017 1411 4085 ruulh'pliect
1431 4027 1454 4069 te
1464 4032 1474 4079 ,·
1485 4027 1508 4070 ct
1532 4018 1580 4069 eris
1599 4018 1624 4069 ia
1646 4021 1847 4089 carrqrepatiaaea

1065 4112 1175 4181 acatium
1189 4125 1198 4162 :
1212 4119 1234 4161 et
1249 4109 1290 4162 det
1317 4107 1359 4160 tibi
1373 4106 1567 4161 benedictionem
1582 4108 1689 4163 Abralroe
1711 4111 1791 4180 patria
1813 4111 1848 4163 tui

1066 4201 1116 4272 (a),
1130 4201 1174 4254 tibi
1185 4210 1208 4254 ct
1222 4201 1311 4254 semini
1321 4210 1363 4252 tuo
1376 4209 1482 4269 postte,
1498 4209 1525 4252 ιιι
1536 4200 1614 4253 hares
1625 4202 1672 4268 fiae
1685 4211 1758 4261 terroe
1777 4204 1847 4256 inco-

1066 4290 1193 4355 latratui,
1209 4306 1284 4361 qaam
1297 4289 1364 4342 dedit
1378 4288 1446 4342 Deus
1458 4287 1568 4341 Abrabae
1580 4288 1653 4357 (Gen.
1668 4306 1762 4354 xxvru,
1779 4294 1845 4360 l-d).

1065 4383 1133 4439 Mie¹
1148 4384 1200 4452 jam
1221 4382 1391 4451 intelligimus
1413 4392 1579 4450 segregatum
1600 4396 1690 4436 semen
1711 4382 1795 4436 tacnh
1815 4384 1847 4436 ah

1065 4474 1116 4528 aliu
1130 4473 1232 4526 semiue
1245 4471 1331 4534 lsaac,
1343 4469 1413 4539 quaid
1430 4471 1525 4525 tactum
1540 4480 1580 4524 est
1591 4488 1636 4539 per
1646 4471 1726 4525 Esau.
1738 4474 1847 4539 Quando

1064 4564 1134 4618 enim
1151 4562 1324 4625 dictumest,
1340 4559 1373 4614 lu
1394 4559 1469 4613 lmae
1484 4563 1609 4614 rorabitur
1627 4562 1670 4614 tibi
1693 4579 1777 4616 actaea
1793 4560 1845 4634 (ld.

1064 4669 1129 4717 xxa,
1146 4652 1201 4725 lb),
1218 4654 1350 4721 pertinens
1365 4651 1454 4719 artique
1469 4665 1558 4704 senten
1581 4650 1615 4704 ad
1628 4653 1761 4705 civitatem
1785 4653 1845 4715 lici;

1064 4754 1214 4814 separatum
1230 4753 1270 4797 cst
1283 4742 1342 4796 intle
1357 4742 1427 4796 aliud
1450 4757 1539 4793 seruen
1555 4742 1684 4803 Abrahae,
1699 4743 1771 4810 quod
1793 4752 1847 4797 crat

1065 4838 1091 4890 iu
1105 4837 1207 4890 aracillu·
1220 4835 1283 4899 lilio,
1294 4831 1524 4902 etquodluturum
1534 4841 1590 4884 erat
1604 4831 1630 4885 in
1645 4833 1706 4884 liliis
1716 4833 1844 4887 Cetburae.

1064 4930 1116 4984 Sed
1130 4929 1217 4983 adhue
1232 4938 1289 4980 erat
1309 4926 1459 4994 uualaiguum
1476 4925 1509 4978 de
1527 4923 1630 4977 duobus
1647 4924 1762 4992 gentinis
1788 4925 1846 4979 siliis

1065 5021 1147 5084 isaac,
1162 5034 1194 5072 aa
1208 5018 1240 5071 ad
1255 5028 1405 5084 utrumque,
1419 5031 1452 5066 aar
1466 5015 1499 5067 ad
1514 5030 1694 5069 utruuteorum
1709 5015 1753 5068 illa
1769 5015 1847 5068 heae·

1063 5113 1143 5165 dictio
1157 5111 1317 5178 pertiuerct;
1329 5107 1386 5162 etsi
1408 5107 1440 5159 ad
1456 5122 1547 5171 unum,
1561 5108 1682 5176 quisnam
1697 5119 1769 5162 esset
1788 5108 1846 5160 itto-

1063 5218 1130 5258 rttm.
1145 5201 1220 5269 Qtrod
1238 5215 1307 5252 uuae
1327 5198 1488 5253 declaratum
1509 5207 1563 5261 est,
1586 5214 1646 5252 cum
1662 5198 1813 5269 prophetice
1831 5213 1845 5252 a

1063 5304 1137 5362 patre
1152 5290 1316 5345 benedicitur
1331 5286 1423 5351 Jacob,
1438 5298 1463 5340 et
1476 5286 1573 5341 dieitur
1583 5290 1606 5342 ei
1625 5305 1631 5340 ι
1646 5287 1678 5341 Ει
1689 5290 1738 5341 eris
1752 5290 1845 5341 bacon·

1061 5384 1218 5457 precationes
1232 5385 1359 5452 peritiam,
1375 5389 1397 5434 et
1411 5380 1452 5433 det
1465 5380 1507 5432 tibi
1532 5379 1725 5433 benedictionem
1739 5380 1843 5433 atrata

1061 5476 1140 5548 patria
1153 5475 1198 5528 tui.

1093 5663 1101 5692 ¹
1118 5657 1155 5708 sic
1166 5655 1234 5704 thud.
1246 5661 1295 5702 tm.
1306 5666 1332 5704 ει
1342 5660 1395 5702 ιιεε.
1407 5657 1433 5701 ιι
1444 5657 1481 5701 rs.
1492 5656 1517 5699 et
1527 5655 1598 5718 tar..¹
1606 5645 1673 5715 triae.

1093 5718 1130 5783 (a)
1146 5725 1170 5767 tn
1179 5717 1265 5781 grecis
1273 5716 1361 5776 hdrliis,
1373 5721 1452 5778 paros
1463 5725 1527 5773 trimi,
1535 5717 1609 5775 paitru
1620 5722 1674 5758 aaa.
