3900 6390
236 273 285 335 eti

233 398 277 449 itu
297 391 351 448 eius
372 389 403 445 oin
424 389 495 445 initio
507 431 515 458 ,
528 398 551 444 et
564 403 595 443 ea
606 385 693 441 diebus
711 385 867 440 aeternitatis.
882 383 1022 453 Propterea

233 482 304 539 duait
315 500 358 538 eoa
370 481 487 543 usortead
498 491 595 550 tempus
603 478 763 549 parturientis
777 476 856 548 pariet
865 476 884 541 ¹,
894 485 917 530 et
928 472 1023 528 residui

229 570 327 646 ¹{ratres
347 590 401 644 epus
414 579 588 626 convertemur
607 570 642 622 ad
653 570 721 638 iiiior
734 567 825 622 lcroci.
839 565 872 620 Et
894 565 968 620 stabit
979 607 986 629 ,
999 573 1023 618 et

235 666 345 735 atteia,
360 677 383 720 et
402 675 486 740 parcet
506 681 606 736 gregem
627 679 700 717 suant
720 663 747 716 iu
759 662 850 716 virtute
863 658 984 725 Domini,
999 667 1023 712 et

235 755 262 812 t‘tt
284 757 378 813 bonore
398 757 506 811 norninit
526 754 629 810 Domini
650 753 697 807 bet
717 754 757 806 sui
776 760 848 806 eruut
872 767 881 804 .·
905 749 1023 822 quoniam

235 865 302 904 ttunc
322 848 523 921 magnificabitur
540 863 617 917 usgue
635 845 669 899 ad
687 860 810 900 cautinum
823 852 895 897 terrea
913 839 1018 912 (ittet.

234 939 330 1007 eit-t.
346 956 397 995 tec.
412 938 508 1009 Lxx).

269 1029 296 1084 2.
312 1029 394 1085 Jonas
406 1040 494 1083 antem
515 1027 644 1100 propheta
666 1041 719 1080 ιιιι
735 1034 788 1079 tam
809 1036 932 1078 sermone
944 1021 1022 1075 Chri·

208 1126 329 1184 'stutn,
356 1137 434 1192 qtratn
460 1135 507 1174 sua
534 1117 647 1189 quatiam
674 1117 798 1187 passione
826 1112 1019 1184 prophetavit,

232 1211 352 1284 proiecto
376 1213 513 1284 apertius,
528 1228 607 1283 quarm
630 1211 653 1264 si
674 1210 732 1281 ejas
747 1217 858 1263 mortem
882 1215 911 1263 et
932 1220 1021 1261 resar-

231 1304 377 1360 rectionem
392 1318 459 1359 uoce
479 1303 617 1358 clamaret.
633 1300 731 1371 thuid
744 1300 814 1354 enim
834 1307 964 1366 exceptus
982 1304 1024 1351 est

233 1403 329 1451 ventre
350 1394 487 1458 belluino,
503 1403 531 1448 ct
551 1393 594 1448 dle
616 1392 694 1448 tertie
708 1391 846 1456 redditus,
862 1390 912 1444 nisi
935 1397 964 1444 at
984 1388 1022 1442 si·

231 1484 371 1552 guthemae
392 1484 527 1540 Christum
550 1485 584 1539 de
607 1483 737 1554 protunda
760 1480 858 1537 inlerni
878 1479 922 1536 die
945 1480 1023 1535 tertio

231 1575 402 1633 rediturum?

267 1668 295 1724 a.
313 1667 371 1724 leel
384 1670 471 1724 omnia
488 1683 547 1740 (pm
569 1667 719 1738 prophetat,
736 1664 825 1723 multis
845 1665 933 1722 verbis
944 1679 1021 1720 conr·

231 1758 307 1830 pellit
319 1761 427 1831 exponi,
438 1769 467 1815 ut
480 1775 540 1830 qum
555 1759 688 1830 pertinent
697 1757 731 1813 ad
741 1755 875 1813 Christum
889 1767 918 1813 et
927 1756 1022 1811 Eccle-

230 1849 298 1906 siam
311 1850 482 1907 dilucescant.
495 1852 581 1909 Unam
597 1861 702 1918 tuanen,
716 1850 787 1922 quoti
805 1851 885 1906 etiam
902 1849 1022 1920 Apostoli

231 1954 518 2011 commemoraverant,
532 1943 637 2014 qnando
651 1943 676 1998 in
690 1951 864 2013 congregatos
882 1940 1022 1995 credentes

230 2035 347 2108 Spiritus
365 2047 482 2100 sanetas,
505 2037 572 2092 sicat
595 2035 730 2090 aClrriste
753 2033 899 2104 promissus
917 2030 1020 2097 iuerat,

228 2128 345 2200 desuper
358 2129 430 2184 uenit
440 2126 508 2200 (olet.
523 2143 552 2195 n,
567 2127 610 2190 i'i,
622 2126 679 2197 tt),
695 2141 748 2181 non
764 2123 976 2195 praetermittam.
988 2121 1022 2176 Et

229 2221 288 2288 erit,
302 2221 397 2291 inquit,
407 2230 463 2293 post
475 2220 539 2285 ireec,
554 2229 577 2273 ct
588 2217 717 2286 effundam
727 2215 759 2271 de
769 2215 869 2287 Spiritu
881 2232 936 2271 meo
945 2230 1023 2283 caper

229 2328 329 2367 omnem
342 2327 444 2366 caraem
459 2325 469 2365 .·
483 2319 506 2364 et
520 2308 703 2382 prophetabunt
716 2307 764 2376 pta·
778 2306 852 2361 uestri
869 2315 891 2361 et
904 2306 966 2375 fitia
981 2320 1023 2358 ae·

229 2413 309 2467 ctum·
327 2411 351 2457 et
364 2402 474 2456 seniores
487 2401 561 2456 nestri
575 2399 673 2456 eorunia
691 2396 864 2464 somniabunt,
885 2405 907 2451 ct
916 2397 1022 2468 juvenes

230 2496 306 2551 nentri
327 2496 379 2549 niso
392 2493 509 2550 uidebant
524 2509 532 2551 :
549 2493 686 2564 etquidem
702 2491 827 2546 inseram
846 2507 913 2544 meos
932 2500 955 2544 et
973 2506 1021 2543 au-

230 2586 304 2643 rillac
323 2602 392 2641 meae
414 2586 442 2640 iu
462 2586 513 2641 iltis
536 2585 623 2640 dietus
642 2582 771 2653 effundam
792 2583 823 2637 de
846 2582 945 2654 Spiritu
967 2598 1022 2636 meo

232 2673 303 2748 (ioei
318 2691 345 2743 ιι,
361 2676 397 2731 28
410 2685 433 2731 et
447 2675 504 2748 ιι).

231 2762 346 2821 CAPUT
355 2764 453 2821 xxxi.
462 2793 497 2806 -
506 2762 570 2829 Qtrtc
581 2764 608 2816 iu
621 2762 712 2829 attia,
728 2762 755 2817 iu
768 2763 863 2826 Naum,
877 2772 900 2816 et
913 2761 1022 2816 Arorbacu

257 2856 291 2911 de
301 2855 385 2910 euiute
396 2855 486 2910 muudi
496 2856 522 2909 iu
532 2854 633 2910 Cirrieto
643 2854 812 2925 pronuntiata
823 2853 990 2921 reperiantur.

266 2947 293 3002 i.
308 2946 375 3002 'ires
397 2945 533 3017 prophetae
554 2946 588 3001 de
609 2945 766 3010 minoribns,
789 2944 898 3011 abdias,
918 2944 1019 3011 Naum,

230 3039 376 3096 tarbacum
387 3040 409 3105 ²,
421 3054 471 3095 nec
482 3054 530 3095 sua
541 3047 660 3109 tempora
670 3037 762 3098 dicunt
772 3036 832 3110 ipsi,
844 3053 894 3095 aec
903 3037 930 3095 in
940 3036 1023 3096 caro

230 3130 300 3187 tricis
313 3129 419 3186 Eusebii
433 3139 460 3192 et
474 3129 642 3207 Hieronymi,
661 3128 767 3202 qnando
785 3130 1021 3202 prophetaverint,

230 3219 366 3280 invenitur
379 3222 429 3298 (ι).
445 3223 544 3280 hhdias
557 3224 628 3280 enim
642 3223 745 3294 positus
762 3222 923 3292 estquidam
937 3222 1022 3277 abeis

230 3317 291 3375 eum
306 3317 427 3384 biielma,
443 3315 489 3372 sed
501 3331 554 3371 non
564 3329 598 3372 ea
610 3316 680 3381 loco,
694 3314 739 3369 ubi
755 3322 880 3368 notaretur
893 3322 1021 3382 tempora,

231 3408 338 3481 mando
350 3407 486 3464 llichaeam
494 3405 670 3477 prophetasse
683 3419 715 3461 ex
726 3403 783 3474 ejus
794 3403 889 3458 litteris
899 3410 1021 3458 constat:

230 3499 301 3573 quod
313 3515 405 3556 errore
414 3499 576 3570 negligenter
588 3496 794 3553 describentium
806 3495 911 3550 labores
921 3494 1023 3551 alienos

230 3592 354 3646 existimo
374 3591 526 3660 contigisse.
540 3589 613 3644 haas
631 3600 696 3642 vero
714 3587 781 3642 alios
801 3596 1023 3642 commemoratos

230 3683 259 3738 in
274 3681 408 3737 codicibus
418 3680 610 3735 chronicorum
625 3692 692 3748 qnos
703 3676 855 3743 habuimus,
870 3691 923 3731 non
934 3677 1022 3747 potni-

232 3786 294 3829 mus
316 3770 457 3826 inuenire:
473 3779 561 3824 tamen
575 3767 637 3839 quia
657 3782 760 3823 canone
779 3770 957 3834 eontinentur,
973 3783 1023 3824 nec

231 3864 284 3936 ipsi
298 3871 403 3934 oportet
420 3870 611 3934 praetereantur
624 3875 639 3915 a
660 3858 747 3914 nobb.
762 3858 878 3922 tlbdias,
894 3869 1021 3928 quatitum

232 3954 266 4011 ad
280 3955 439 4025 scripturam
454 3954 511 4024 ejus
525 3955 629 4017 attinet,
642 3951 759 4007 omnium
774 3949 947 4006 brevissimus
958 3951 1023 4007 Pro,

231 4046 384 4119 phetarum,
397 4045 524 4101 adversas
536 4044 677 4100 idumaeam
689 4042 816 4112 loquitar,
831 4052 936 4112 gentem
950 4043 1022 4099 scili·

231 4149 277 4197 eet
290 4140 371 4205 Esau,
387 4155 419 4196 ex
432 4139 535 4196 dtrobns
548 4137 681 4210 'geminis
695 4135 757 4192 hilis
772 4135 854 4201 isaac,
882 4138 1024 4207 nepotibus

233 4230 359 4298 Abralta,
372 4231 481 4300 maioris
497 4231 569 4286 illius
586 4229 732 4300 reprobati.
747 4228 831 4284 Porro
845 4229 867 4284 si
879 4227 1021 4299 itittmaant

233 4323 315 4382 motio
328 4324 479 4391 locutionis,
493 4322 713 4395 quuiateiiigitur
724 4336 740 4376 a
753 4331 828 4391 parte
840 4330 942 4386 totum,
954 4324 1024 4378 acci-

234 4415 339 4489 piamus
366 4415 478 4485 positam
507 4430 567 4470 esse
592 4429 640 4484 pro
673 4413 797 4486 gentibus
823 4431 831 4468 ε
857 4414 890 4470 de
917 4415 1023 4472 Christo

234 4522 379 4580 agnoscere
394 4522 534 4578 possamus
544 4505 614 4578 qnod
627 4506 664 4561 ait
674 4506 744 4562 inter
754 4513 860 4572 catera,
873 4504 906 4560 lu
917 4517 1001 4563 nroute

265 4665 275 4698 ¹
287 4665 323 4714 sic
341 4661 495 4774 nunnsicer'ilptl
505 4659 640 4733 seeundum
649 4666 711 4710 ιιι.
723 4667 753 4710 ιι
761 4660 829 4722 editi,
838 4674 912 4726 usqae
922 4661 956 4714 ad
963 4668 1023 4715 terte-

232 4738 278 4821 'mf
284 4728 635 4846 gamedpfflstnabaglpcargettm,
648 4782 792 4854 Aminaion..
899 4844 904 4855 ¹

264 4851 276 4885 ⁸
286 4851 353 4909 editi,
361 4849 477 4899 adnerotes
487 4847 618 4898 tdnmteam
627 4851 721 4912 pentem
729 4845 1020 4911 marmaritanorum,

232 4923 303 4964 taum
314 4925 345 4962 ec
355 4913 455 4969 dnonas,
468 4917 516 4960 etc.
528 4910 678 4971 fastigantur
688 4908 718 4956 acl
731 4915 830 4957 ueteres
840 4907 944 4958 codices.

239 4975 242 4983 '
286 4974 323 5023 sic
333 4972 485 5035 nranuseripti
495 4972 564 5033 juxta
575 4977 638 5018 ιιι.
651 4977 678 5019 ιι
687 4969 754 5028 etliti,
766 4976 793 5017 tn
802 4974 913 5018 monem.

268 5055 301 5115 a)
312 5057 478 5116 tiicraapmns,
490 5051 665 5102 commentario
683 5051 707 5099 in
728 5049 834 5110 abdiam,
849 5057 922 5099 «ilua
958 5066 969 5096 ι
984 5053 1021 5101 in·

230 5116 293 5178 anit,
309 5128 388 5164 resse
400 5117 466 5164 aiunt
477 5115 580 5170 hebrai.
594 5115 635 5177 qui
646 5113 764 5175 subrogo
784 5113 894 5161 sannanim
905 5120 921 5159 Α
953 5114 1022 5165 abet

234 5176 396 5236 «impiissima
417 5175 512 5225 tezabei
532 5177 596 5238 pauit
617 5182 716 5224 centurn
738 5173 868 5237 propbetas
889 5173 914 5222 in
932 5186 1021 5236 specu·

233 5236 319 5294 «bna,
337 5237 377 5298 qui
399 5250 447 5285 non
465 5242 628 5287 curvaverunt
636 5249 709 5346 ‘geme
727 5242 784 5285 ante
802 5234 883 5292 tamir
904 5242 951 5285 etc.
970 5238 1021 5286 i'trit

231 5311 292 5361 ergo
311 5304 382 5346 nette
394 5298 506 5359 iosaphat
525 5300 593 5360 regis
607 5305 635 5347 ιι
652 5310 680 5356 a,
697 5310 758 5360 rege
770 5298 903 5346 latinorum
913 5298 1018 5347 tiberio.

230 5367 303 5410 haum
324 5366 405 5408 antem
431 5359 571 5421 prophetam
592 5359 730 5422 tosephus,
750 5357 792 5407 lib.
812 5358 828 5408 9
847 5360 924 5422 antiq.
945 5359 1018 5419 tuci,

230 5435 283 5486 etp.
293 5422 332 5480 ii,
345 5421 356 5484 i
367 5420 394 5478 5,
407 5421 489 5469 scribit
505 5420 579 5471 luisse
592 5422 740 5482 temporibus
756 5420 856 5470 toathan
871 5421 939 5484 regis
948 5419 1017 5469 tutia.

231 5485 340 5548 lienique
360 5482 392 5531 tle
409 5481 525 5544 propheta
535 5485 643 5532 nabacm
656 5482 743 5531 dicitur
753 5482 858 5531 barrieiis
875 5495 924 5539 xiv,
935 5480 1017 5543 ιιι-58,

229 5546 293 5609 quon
306 5544 431 5608 pirarrdinm
442 5555 512 5592 suum
531 5557 562 5592 ex
575 5543 632 5592 tutia
643 5542 786 5608 Babylonem
798 5543 881 5593 tulerit
891 5543 921 5592 ad
933 5544 1018 5592 banie-

229 5613 295 5668 tem;
309 5617 334 5658 ct
346 5620 401 5655 ειιι
421 5612 531 5667 ternpore
553 5605 697 5663 canusinatis
708 5603 852 5668 babylonicae
863 5606 1017 5655 meianatma

231 5679 299 5741 ene⁸
310 5675 375 5740 ιιι-ιιι
393 5669 558 5732 hieronymus,
579 5673 653 5729 capno
668 5667 694 5716 in
713 5664 857 5730 mhplouem
866 5665 939 5732 dirigi
961 5667 1016 5731 ejus

231 5738 350 5780 tettctnta.

765 269 809 327 be
823 267 985 326 ettttutti
1005 265 1071 334 biit,
1092 266 1121 325 S.
1142 270 1323 330 accusem}

1078 396 1163 437 autem
1177 385 1241 441 Sion
1254 390 1301 442 erit
1314 392 1393 455 caieta,
1413 394 1497 447 eterit
1514 402 1639 450 ranetam.
1653 394 1688 450 Et
1707 397 1787 466 panio
1805 410 1870 469 post

1076 473 1102 527 in
1120 475 1171 530 irtio
1186 477 1267 547 ipsius
1283 483 1427 550 prophetia
1444 500 1450 537 :
1466 484 1768 558 permanentemque,
1784 491 1868 544 resri-

1076 565 1127 617 uuti
1139 582 1170 620 ea
1183 579 1266 622 moute
1280 569 1354 635 Sion,
1371 581 1397 624 ut
1409 572 1545 642 defendant
1557 584 1666 629 rttorttem
1679 576 1767 641 lisau,
1782 589 1806 632 ct
1820 581 1869 635 erit

1077 652 1187 711 Domino
1203 675 1309 728 regnum
1326 661 1424 734 (elidite
1438 666 1481 729 l'i,
1496 666 1525 719 tt
1540 707 1547 729 ,
1562 682 1613 722 tec.
1634 666 1727 738 Lxx).
1747 670 1868 740 Apparet

1075 749 1173 819 quippe
1190 751 1215 805 iti
1236 768 1294 808 esse
1306 756 1477 827 completum,
1496 777 1555 814 cunt
1577 761 1701 817 resalvati
1718 779 1753 819 ει
1773 775 1866 821 monte

1077 837 1153 907 Sion,
1174 841 1199 895 id
1219 853 1259 898 est
1277 860 1308 899 ει
1329 846 1430 912 ιιιιει,
1451 851 1590 906 credentes
1604 853 1629 907 in
1649 851 1798 921 Christum,
1821 858 1867 927 qai

1077 931 1207 1000 praecipue
1220 945 1398 1003 agnoscantur
1410 940 1548 1009 Apostoli,
1565 944 1759 1012 ascenderunt,
1774 955 1803 1000 ut
1817 947 1867 1000 de·

1076 1020 1214 1079 tenderent
1229 1041 1290 1080 tnon
1303 1042 1345 1082 em
1362 1030 1440 1084 Esau.
1459 1031 1596 1100 Qtrommln
1610 1035 1801 1101 (infestiorem,
1815 1038 1865 1093 nisi

1075 1127 1125 1183 per
1136 1113 1272 1187 Evangelii
1287 1119 1500 1188 praedicationem
1519 1126 1606 1180 ιιιιοι
1621 1129 1742 1184 iaciendo
1758 1143 1806 1184 eos
1821 1130 1866 1200 qni

1075 1205 1256 1274 crediderunt,
1277 1219 1477 1268 metuerentur
1491 1216 1524 1269 de
1538 1226 1668 1285 potestate
1681 1221 1864 1285 tenebrarum,

1076 1306 1103 1353 et
1115 1298 1320 1357 transferrentur
1334 1304 1359 1359 in
1371 1319 1482 1376 regnam
1498 1307 1564 1362 liei?
1578 1308 1653 1377 Quod
1664 1321 1866 1382 consequenter

1075 1393 1208 1462 expressit
1217 1393 1349 1460 addendo,
1362 1396 1394 1450 tu
1407 1398 1452 1452 erit
1463 1398 1570 1454 Domino
1580 1418 1694 1472 regnum.
1706 1401 1781 1458 liotts
1793 1405 1865 1459 enirn

1074 1480 1138 1538 Sion
1148 1482 1267 1539 tunnam
1282 1486 1421 1557 significet,
1433 1489 1476 1544 ubi
1490 1490 1575 1545 lutura
1591 1492 1715 1562 predicta
1725 1503 1767 1549 est
1779 1495 1864 1562 salus,

1075 1582 1102 1629 et
1113 1583 1246 1641 sanetum,
1255 1577 1325 1647 quoti
1335 1587 1377 1634 est
1386 1578 1508 1635 Christus
1520 1579 1597 1637 iesus
1609 1599 1616 1636 ι
1630 1598 1706 1638 mom
1716 1600 1781 1641 uero
1792 1585 1864 1640 Esau

1074 1663 1189 1722 numm
1205 1677 1263 1733 est,
1285 1684 1333 1738 per
1348 1686 1426 1740 qnam
1445 1673 1591 1743 significata
1605 1685 1646 1730 est
1663 1676 1781 1732 Ecclesia
1800 1693 1865 1746 gen·

1075 1757 1244 1829 tiemonem
1263 1759 1447 1828 defenderunt,
1465 1764 1532 1820 sicut
1546 1767 1676 1836 exposui,
1692 1769 1818 1822 resalvati
1831 1785 1864 1823 ex

1074 1859 1165 1906 arante
1184 1849 1259 1917 Sion,
1278 1861 1306 1907 nt
1325 1862 1396 1908 esset
1415 1854 1527 1910 Domino
1545 1871 1665 1927 regnum.
1688 1856 1745 1913 lioc
1769 1859 1865 1914 obscu-

1074 1951 1208 2010 numerat,
1220 1951 1361 2016 antequam
1371 1946 1463 2014 lieret;
1476 1947 1524 2004 sed
1537 1947 1632 2004 iactum
1643 1951 1702 2022 quis
1712 1966 1765 2006 ιιι
1777 1951 1864 2007 tidelis

1076 2035 1223 2104 agnoscat?

1115 2123 1143 2178 2.
1163 2124 1247 2181 Naum
1263 2142 1326 2183 vero
1339 2127 1477 2199 propheta,
1492 2129 1546 2185 imo
1558 2145 1608 2202 per
1622 2131 1694 2186 iilum
1705 2132 1776 2187 licus
1791 2130 1864 2187 :Ec-

1073 2215 1222 2285 terruinaito,
1233 2216 1327 2287 inquit,
1339 2221 1467 2293 sculptilia
1475 2230 1499 2275 et
1508 2222 1646 2292 conflatilia
1655 2239 1665 2277 .·
1673 2240 1766 2293 panum
1776 2225 1863 2294 capni-

1075 2314 1158 2359 turam
1172 2315 1258 2362 tuam:
1269 2310 1329 2378 quio
1338 2311 1432 2365 aeiocee
1444 2328 1580 2383 esseanper
1594 2324 1689 2368 montet
1699 2314 1775 2383 pedes
1789 2330 1864 2368 cuan-

1073 2397 1214 2469 geiitautit,
1233 2408 1257 2453 et
1277 2401 1450 2455 annuntiantis
1468 2418 1564 2472 pacem.
1577 2402 1690 2470 Celebre,
1705 2401 1795 2470 iada,
1809 2405 1863 2458 dier

1073 2487 1151 2556 {ator
1170 2499 1244 2555 tuoe,
1268 2492 1346 2545 redde
1368 2502 1426 2547 aota
1445 2503 1489 2547 tua
1503 2509 1513 2547 .·
1526 2495 1584 2564 quia
1601 2495 1723 2560 jamnon
1743 2497 1863 2567 adiicieat

1073 2580 1151 2645 altra,
1171 2590 1199 2634 ut
1216 2589 1345 2635 trameant
1365 2583 1391 2637 iu
1412 2593 1569 2639 uetustatem.
1591 2584 1798 2640 Consummatum
1814 2597 1861 2652 est,

1074 2681 1249 2738 consumptum
1267 2684 1313 2735 ert.
1330 2677 1441 2729 obtutam
1463 2685 1498 2730 est
1513 2676 1532 2729 ¹.
1549 2676 1680 2743 Ascendit,
1693 2679 1737 2745 oui
1754 2680 1863 2749 insufflat

1073 2760 1100 2815 in
1112 2762 1203 2832 faciem
1214 2772 1292 2829 tuam,
1316 2766 1423 2834 eripiam
1433 2776 1456 2820 te
1466 2782 1497 2820 ea
1509 2765 1668 2821 tribulatione
1679 2767 1780 2838 (Naum
1794 2784 1813 2833 ι,
1831 2771 1863 2826 ll

1074 2860 1097 2906 et
1110 2853 1161 2916 153
1183 2869 1212 2917 n,
1229 2853 1255 2920 i,
1270 2871 1319 2909 ree.
1332 2855 1426 2926 billi).
1439 2855 1504 2924 Quis
1513 2857 1663 2917 ascariderit
1675 2858 1709 2917 ab
1720 2859 1824 2929 inieris,
1836 2876 1864 2920 et

1074 2946 1248 3004 insufflaverit
1261 2950 1286 3003 in
1302 2949 1398 3010 iaclem
1410 2951 1494 3023 tutu,
1509 2955 1560 3011 hoe
1569 2965 1610 3011 est
1619 2955 1771 3011 iudaeorum
1783 2956 1864 3013 disci·

1073 3035 1208 3109 pulcrum,
1230 3042 1357 3112 Spiritum
1381 3056 1512 3112 sanctum,
1535 3047 1635 3101 recolat
1651 3048 1661 3079 ¹
1678 3046 1722 3118 qai
1742 3048 1865 3102 meminit

1074 3127 1258 3203 Euangelinm.
1270 3135 1309 3190 hd
1321 3150 1417 3190 norum
1425 3138 1495 3191 enim
1507 3136 1706 3192 Testamentum
1718 3139 1863 3208 pertinent,

1074 3236 1187 3291 quorum
1207 3224 1265 3279 dies
1286 3224 1346 3280 iesti
1361 3227 1397 3280 ita
1416 3226 1589 3296 spiritualiter
1602 3228 1772 3295 innovantur,
1792 3238 1822 3282 ut
1836 3230 1862 3283 in

1074 3320 1229 3369 vetustatem
1238 3317 1350 3372 transire
1358 3332 1409 3371 non
1420 3318 1531 3387 possint.
1541 3318 1624 3373 Porro
1633 3333 1681 3388 per
1690 3319 1862 3389 Euangelinm

1074 3405 1250 3461 exterminata
1261 3408 1393 3477 scalptilia
1406 3418 1434 3463 et
1446 3409 1599 3476 conflatilia,
1616 3411 1642 3466 ld
1657 3419 1698 3465 est
1710 3409 1780 3466 idola
1795 3407 1862 3465 deo·

1074 3509 1133 3549 ruat
1146 3494 1284 3562 falsorum,
1296 3508 1323 3553 et
1336 3498 1462 3555 oblivioni
1475 3509 1598 3571 tanqmm
1609 3500 1752 3570 sepulturae
1766 3499 1862 3554 tradita

1072 3591 1129 3663 jam
1149 3589 1414 3654 attaminatum
1432 3590 1510 3646 etiam
1531 3591 1558 3646 in
1577 3589 1627 3644 bac
1648 3604 1678 3644 re
1694 3589 1862 3660 prophetiam

1074 3681 1232 3752 completam
1243 3694 1302 3736 esse
1312 3681 1506 3751 cognoscimus.

1109 3773 1136 3828 5.
1153 3772 1299 3827 Ambacum
1311 3771 1345 3827 de
1357 3787 1409 3843 quo
1418 3771 1480 3835 alio,
1492 3786 1571 3842 quam
1583 3769 1617 3826 de
1627 3766 1725 3825 Christi
1734 3768 1861 3837 aduentu,

1074 3864 1119 3936 qai
1134 3863 1238 3919 iuturus
1255 3862 1350 3928 iuerat,
1373 3861 1528 3932 intelligitur
1547 3860 1654 3928 dicere,
1678 3859 1710 3914 Et
1731 3860 1863 3930 respondit

1076 3955 1199 4011 Dantiuut
1211 3954 1246 4008 ud
1257 3971 1307 4023 me,
1319 3965 1342 4009 et
1353 3954 1428 4020 dicit,
1445 3954 1534 4008 Scribe
1544 3954 1625 4007 uitam
1638 3963 1725 4024 aperte
1738 3953 1765 4007 in
1778 3952 1863 4020 eaeo,-

1074 4057 1103 4104 ιιι
1115 4047 1315 4118 compactarum
1330 4048 1389 4119 tegit
1401 4063 1431 4100 ea
1445 4047 1522 4118 :gaia
1536 4045 1619 4100 adhuc
1629 4046 1691 4099 nisio
1703 4046 1737 4099 ad
1752 4055 1862 4116 tempus,

1074 4149 1097 4195 et
1109 4140 1204 4194 orietur
1216 4139 1242 4193 iu
1255 4140 1316 4208 fine,
1328 4146 1352 4192 et
1366 4155 1416 4192 non
1428 4138 1455 4192 iu
1468 4154 1574 4192 uacuum
1586 4152 1596 4191 .·
1608 4138 1630 4214 ti
1643 4135 1790 4201 tardaverit,
1805 4153 1863 4192 suc-

1076 4232 1127 4287 tim
1140 4247 1196 4287 ettm
1203 4246 1213 4295 ,·
1226 4231 1285 4302 guia
1295 4231 1395 4286 ocniem
1406 4229 1497 4297 ueniet,
1508 4238 1532 4285 et
1544 4245 1595 4283 nou
1607 4228 1747 4283 morabitur
1759 4226 1863 4301 (lioto-

1075 4338 1131 4390 cue,
1144 4337 1174 4388 ιι,
1190 4321 1241 4376 ιιι
1253 4320 1303 4392 hii

1075 4433 1187 4493 creet
1200 4432 1309 4490 xixti.
1321 4432 1405 4487 -ile
1418 4432 1549 4502 prophetia
1563 4445 1620 4500 aaa
1630 4429 1657 4484 iu
1669 4429 1791 4485 Oratione
1803 4429 1862 4484 Am-

1278 4525 1341 4580 iacu
1354 4534 1378 4579 et
1391 4522 1495 4580 Cautieo
1506 4524 1656 4576 continetur.

1111 4661 1141 4717 in
1153 4660 1279 4716 Oratione
1289 4666 1378 4713 autem
1392 4672 1439 4712 sua
1454 4670 1515 4711 cum
1529 4654 1656 4720 Cantica,
1679 4653 1721 4708 cni
1740 4653 1790 4709 nisi
1808 4653 1862 4708 llo·

1075 4757 1147 4812 mino
1159 4753 1265 4809 Christo
1278 4749 1352 4817 dicit,
1365 4747 1489 4812 Dauniae,
1506 4746 1591 4800 andini
1607 4746 1764 4799 auditionem
1782 4753 1861 4807 tuam,
1914 4775 1917 4778 >

1074 4859 1099 4902 et
1118 4846 1208 4911 tintui,·
1226 4843 1342 4907 Domine,
1364 4839 1521 4894 considerari
1543 4854 1620 4908 opera
1639 4849 1693 4903 tuo,
1715 4848 1739 4890 et
1756 4835 1863 4906 erponi?

1074 4941 1135 5013 apulei
1149 4941 1219 4995 enirn
1231 4937 1281 4991 ltoe
1292 4944 1342 4999 est,
1358 4933 1408 4988 nisi
1422 4931 1600 5003 praerogatae.
1615 4944 1701 4992 novae,
1714 4942 1746 4984 ae
1761 4943 1861 4997 repen-

1074 5035 1136 5089 tine
1150 5031 1243 5086 salutis
1255 5026 1390 5083 hominnm
1406 5023 1545 5079 ineiiahilis
1560 5021 1716 5076 adrniratiai
1732 5018 1765 5073 iu
1779 5018 1861 5072 medio

1074 5125 1181 5178 duorum
1199 5119 1346 5174 animalium
1360 5115 1527 5187 cognosceris,
1551 5111 1680 5182 quidest,
1703 5110 1754 5164 nisi
1774 5119 1820 5163 aut
1835 5110 1860 5162 in

1073 5212 1285 5285 mediodnorum
1296 5208 1538 5270 Testamentoram,
1553 5212 1598 5256 ant
1610 5202 1635 5255 in
1650 5201 1740 5256 medio
1749 5199 1859 5254 duarrnn

1074 5309 1216 5367 latronum,
1239 5312 1284 5357 aut
1303 5302 1329 5356 in
1353 5299 1443 5356 medio
1466 5297 1549 5370 lloysi
1568 5305 1596 5351 et
1615 5295 1680 5350 Eli-e
1698 5309 1760 5351 enm
1780 5305 1814 5346 eo
1833 5291 1859 5345 ia

1072 5407 1162 5454 attente
1177 5389 1429 5451 sermocinantium?
1441 5388 1508 5443 Dum
1521 5386 1726 5458 appropinquant
1735 5382 1807 5447 antii,
1817 5398 1860 5436 co·

1101 5537 1111 5570 ¹
1127 5531 1191 5596 npmi
1203 5537 1257 5580 tou.
1278 5529 1403 5589 annuitur,
1414 5523 1521 5576 attatum
1536 5529 1587 5584 est3
1605 5518 1669 5584 quad
1682 5519 1706 5568 ιι
1725 5517 1798 5568 editis
1808 5514 1860 5565 aliis

1071 5607 1098 5651 et
1107 5594 1275 5656 manuscriptis
1286 5592 1399 5641 habetur.

1101 5662 1112 5692 ¹
1122 5659 1190 5714 utta,
1202 5654 1315 5718 spiritum
1326 5651 1416 5703 recolat
1423 5648 1484 5711 (rel,
1498 5643 1592 5704 recolit)
1601 5649 1709 5695 umectam
1720 5650 1730 5692 t
1741 5647 1861 5704 paravere·

1071 5733 1127 5775 oum
1137 5718 1309 5783 interpunctio,
1321 5722 1348 5765 et
1358 5725 1391 5767 ex
1403 5720 1454 5763 uss.
1466 5707 1605 5761 menaea.
