3900 6390
71 335 124 396 393
714 325 815 383 steen
834 322 1039 383 bdbecttttis
1634 328 1687 387 326

71 463 211 507 nnmerum
225 447 353 518 repetitus
366 453 423 511 est,
439 453 547 515 propter
561 442 693 498 senariam
707 439 749 495 vel
764 448 854 508 septe·
940 438 968 493 2.
988 439 1101 511 Propter
1114 439 1166 496 lroc
1179 441 1265 513 itaque
1279 453 1371 498 natura
1386 443 1480 500 dicitur
1494 444 1625 515 simplex.
1644 449 1688 504 cul

70 541 174 597 uariam
187 538 383 610 cnqrritionem;
397 535 529 590 senariam
548 532 650 588 scilicet
668 545 776 601 operum
795 543 855 598 quas
906 543 958 583 non
971 529 1005 584 sit
1018 528 1117 598 aliquid
1129 530 1245 597 babere,
1260 533 1328 602 quod
1342 533 1383 589 rel
1398 536 1632 604 possrtarnittere,
1648 538 1689 594 rel

70 627 133 687 terit
149 629 228 690 burs,
243 638 269 682 et
281 625 458 694 septenariam
471 622 567 693 quietis
581 622 625 676 bet
645 620 694 691 (a).
706 618 773 674 Cum
783 618 854 672 eniru
906 618 977 674 aliud
992 619 1026 674 sit
1045 619 1163 685 babens,
1188 622 1258 678 aliud
1281 624 1351 695 qnod
1373 625 1470 691 babet;
1489 628 1558 683 sicut
1578 643 1625 684 vas
1639 628 1689 685 ali·

69 721 139 777 dixit
151 719 233 783 Deus,
249 715 308 770 lint
322 716 386 778 lue,
396 725 419 770 et
431 717 499 785 [orta
513 723 548 768 ert
561 712 625 774 lua,¹
638 713 660 766 si
675 721 748 766 recte
763 709 788 763 in
804 708 854 762 lrac
904 724 983 779 quem
999 710 1126 781 liquorem
1139 752 1147 777 ,
1162 724 1208 767 aut
1220 728 1317 784 corpus
1331 717 1446 772 colorem
1461 759 1469 785 ,
1485 728 1530 773 aut
1541 734 1587 774 uer
1602 719 1688 776 lucem

72 812 133 868 luce
153 810 253 867 creatio
275 807 429 877 intelligitur
451 804 631 876 Angelorum,
654 802 771 872 prolecto
794 799 855 855 lacti
905 801 962 856 sire
976 800 1116 868 servorem,
1130 814 1174 860 aut
1186 806 1273 860 anima
1287 808 1453 876 sapientiam.
1467 810 1536 866 Nitril
1550 812 1621 867 enirn
1636 812 1687 867 bo·

12 973 17 983 Ι
71 913 135 958 sunt
149 900 291 972 participes
305 898 370 953 lueis
384 904 504 959 aeternae,
519 894 589 964 qnod
603 904 644 948 est
659 893 667 924 ¹
682 893 738 963 ipsa
753 891 855 946 incum-
906 906 964 946 rruu
979 893 1058 953 estid
1073 894 1237 966 quod‘babet
1248 915 1254 950 :
1267 912 1328 952 narn
1351 914 1436 970 neque
1455 916 1501 956 vas
1523 902 1610 974 liquor
1627 912 1690 973 est,

72 990 209 1047 mutabilis
220 988 357 1058 Sapientia
372 986 429 1053 liei,
447 1000 585 1056 perquam
602 983 670 1039 lacta
683 981 855 1048 suntomuia,
906 998 956 1038 ure
978 998 1075 1054 eorpus
1091 986 1184 1052 color,
1206 1003 1254 1042 nce
1273 1003 1319 1044 aer
1337 988 1381 1043 lux
1399 993 1455 1046 sire
1474 991 1580 1061 lerror,
1602 1009 1690 1065 neque

72 1099 153 1154 quem
166 1082 278 1138 dicimus
294 1080 456 1151 unigenitum
470 1077 516 1132 Dei
533 1074 645 1139 liiliurn3
661 1083 689 1128 ut
703 1087 735 1129 ea
750 1073 808 1128 lucc
823 1072 854 1125 il·
906 1073 991 1126 anima
1007 1074 1133 1142 sapientia
1149 1086 1198 1130 est.
1212 1076 1276 1133 llinc
1287 1089 1328 1133 cst
1341 1079 1410 1150 quod
1425 1081 1502 1136 etiarn
1516 1084 1611 1153 privari
1625 1099 1688 1156 pos.

56 1173 214 1242 ,lumirrati,
232 1185 286 1243 qna
305 1169 397 1234 creati,
413 1167 507 1223 tierent
520 1167 563 1221 lux
573 1207 581 1232 ,
592 1176 619 1221 et
633 1173 789 1221 uocarentur
800 1162 856 1216 dies
907 1171 968 1216 sunt
981 1163 1059 1217 rebus
1071 1180 1137 1234 quas
1151 1165 1268 1228 babent.
1283 1177 1311 1224 et
1323 1168 1349 1222 in
1362 1170 1429 1226 alios
1443 1169 1547 1228 babitus
1559 1173 1603 1229 vel
1623 1189 1689 1246 qua·

73 1261 277 1334 participatione
295 1257 516 1315 iucommutabilis
531 1257 596 1312 lucis
609 1265 637 1311 et
647 1255 718 1320 diei,
732 1253 803 1326 quod
816 1262 857 1309 est
907 1253 993 1309 litates
1007 1256 1072 1310 verti
1088 1266 1166 1328 atque
1179 1260 1274 1315 mutari
1286 1299 1294 1327 ,
1306 1270 1334 1315 ut
1346 1269 1373 1316 ct
1386 1277 1433 1318 uas
1443 1271 1586 1320 evacuetur
1595 1264 1691 1322 bumo-

72 1352 191 1409 Vcrbum
213 1351 274 1419 bet,
296 1365 343 1420 per
362 1348 432 1419 quod
451 1358 477 1402 et
493 1347 541 1416 ipsi
553 1356 580 1402 ct
599 1345 687 1400 omnia
701 1343 769 1400 lacta
783 1353 854 1397 sunt.
907 1358 937 1396 re
949 1358 1002 1412 quo
1025 1344 1130 1412 plenum
1149 1355 1208 1412 est,
1229 1358 1256 1403 et
1275 1363 1370 1420 cnrprrs
1391 1350 1574 1416 denotaretur,
1597 1363 1623 1409 nr
1644 1369 1692 1410 ner

73 1443 172 1502 Lumen
183 1442 280 1513 quippe
293 1456 391 1505 unum,
408 1437 475 1509 quod
486 1438 719 1492 illumiantoomem
732 1435 857 1489 bominem
907 1432 1073 1488 tenebrescat
1095 1436 1151 1492 sive
1172 1437 1313 1508 frigescat,
1337 1448 1366 1495 et
1385 1440 1479 1496 anima·
1493 1442 1615 1513 desipiat.
1636 1443 1692 1501 Sed

74 1535 210 1590 seuientem
221 1533 247 1587 in
257 1531 323 1586 lrnuc
334 1530 473 1586 murreum·
487 1526 650 1598 (inomni),
666 1526 715 1580 boe
728 1525 858 1579 illuminat
907 1523 956 1577 etsi
972 1522 1007 1579 sit
1019 1540 1116 1596 corpus
1130 1527 1327 1599 incorruptibile
1339 1571 1346 1596 ,
1358 1532 1436 1602 quale
1448 1533 1546 1590 sanetis
1559 1534 1584 1588 in
1599 1551 1690 1591 resur·

74 1635 217 1682 stomuem
228 1622 349 1694 angelum
362 1620 536 1685 mundum,ut
548 1617 637 1675 sitiux
650 1630 701 1671 non
712 1614 856 1683 inseipso,
907 1616 1025 1672 rectione
1039 1619 1218 1685 promittitur,
1241 1621 1321 1677 babet
1339 1622 1444 1692 quidem
1465 1623 1546 1695 ipsius
1568 1626 1689 1682 incorru-

73 1715 123 1772 sed
134 1715 161 1771 iu
172 1715 226 1771 beo
236 1731 243 1768 :
254 1729 269 1768 a
280 1730 332 1784 quo
342 1711 364 1767 si
377 1711 504 1768 avertitur
515 1710 634 1782 angelus,
649 1708 677 1762 ιιι
691 1704 857 1768 immundus;
908 1707 1005 1776 ptionis
1018 1709 1218 1766 inamissibilem
1231 1713 1403 1782 qualitatem,
1419 1714 1467 1771 sed
1488 1727 1610 1773 manente
1629 1719 1691 1774 sub

74 1806 218 1863 sieutsunt
229 1803 375 1876 omnesqui
391 1811 518 1858 uocantur
532 1797 659 1856 irnruundi
672 1797 796 1868 spiritus,
809 1810 859 1850 uec
909 1798 1004 1853 stantia
1019 1801 1150 1868 corporali
1164 1815 1216 1856 non
1229 1801 1280 1858 boc
1289 1813 1349 1867 est,
1365 1805 1434 1874 quod
1448 1805 1505 1876 ipsa
1519 1809 1691 1878 incorruptio.

75 1897 130 1969 jam
143 1899 189 1954 lux
203 1898 229 1951 in
246 1896 356 1950 Domino
368 1936 376 1961 ,
389 1894 437 1951 scd
452 1894 479 1948 in
494 1906 523 1948 sc
536 1892 600 1961 ipsis
615 1889 750 1951 tenebrae,
765 1885 858 1957 priuati
907 1887 972 1943 Nam
989 1890 1031 1944 illa
1045 1890 1124 1946 etiam
1140 1893 1316 1963 persingulas
1330 1904 1418 1963 partes
1430 1899 1549 1967 eorporis
1564 1908 1617 1954 tnta
1629 1909 1690 1963 est,

78 1987 280 2062 mancipatione
299 1986 365 2043 lucis
383 1995 499 2042 aetcrnre.
522 1981 582 2037 llali
595 1982 665 2036 cuim
681 1979 752 2034 nulla
765 1987 860 2032 natura
909 1993 961 2055 nee
972 1977 1035 2033 alibi
1051 1981 1152 2050 major,
1166 1982 1228 2037 alibi
1243 1984 1348 2050 mirrnr;
1364 1999 1449 2055 neque
1468 1987 1538 2042 enirn
1558 1988 1610 2043 ulla
1631 2005 1693 2061 pars

75 2087 136 2148 est;
151 2077 199 2134 sed
210 2077 318 2134 amissio
330 2077 408 2145 boni,
423 2074 484 2131 mali
499 2089 595 2130 numen
608 2072 720 2142 accepit.

75 2214 190 2272 curiit
201 2213 236 2269 X.
255 2243 290 2254 -
301 2212 341 2268 De
350 2211 459 2284 simplici
472 2220 495 2265 ct
507 2208 702 2265 incommutabili
718 2204 859 2268 Trinitate,

113 2304 200 2360 Putris
209 2314 232 2359 et
243 2302 305 2358 Filii
319 2313 342 2358 et
356 2302 467 2373 Spiritus
476 2301 571 2364 saneti,
588 2299 661 2353 unius
676 2297 723 2352 Dei
736 2313 746 2351 .·
760 2297 799 2351 sui
810 2313 860 2350 nort

112 2405 149 2451 eat
162 2395 233 2450 uliud
244 2393 370 2465 qualitor,
385 2391 457 2446 alind
469 2389 617 2445 substantia.

115 2506 142 2561 l.
153 2504 296 2574 Estitaque
306 2503 402 2558 bouum
414 2500 500 2555 solum
509 2497 665 2567 simplex,et
676 2496 710 2551 ob
718 2494 860 2551 bocsolum

77 2596 304 2662 incommutabile,
312 2594 382 2665 quod
390 2603 431 2649 est
442 2593 520 2647 licus.
528 2592 567 2645 nb
574 2594 624 2646 boc
631 2591 792 2646 bonocrcata
801 2598 861 2641 sunt

77 2691 167 2747 omnia
179 2689 264 2755 bona,
277 2687 325 2743 sed
339 2702 391 2741 non
405 2683 534 2755 simplicia
547 2722 555 2748 ,
566 2693 592 2738 et
604 2682 639 2736 ob
651 2681 701 2735 boc
714 2679 860 2735 mutabilia.

78 2781 173 2837 creata
187 2795 270 2847 sane,
285 2779 390 2848 iuquam
401 2817 408 2842 ,
421 2773 447 2829 id
461 2783 502 2828 est
516 2772 602 2834 laem,
617 2768 772 2840 congenita.
785 2766 862 2836 Quod

78 2875 151 2929 enim
159 2872 193 2928 de
199 2872 311 2943 simplici
322 2871 392 2925 bono
399 2865 515 2938 genitum
524 2872 579 2930 est,
587 2864 684 2932 pariter
692 2859 803 2929 simplex
810 2867 860 2923 cst,

79 2975 106 3020 et
118 2966 168 3020 lroc
177 2974 218 3019 est
227 2963 295 3033 qnod
304 2961 366 3018 iilud
380 2961 413 3016 de
423 2976 475 3030 qun
485 2957 601 3029 genitum
613 2962 673 3018 est;
687 2966 745 3023 qnae
755 2952 807 3006 duo
818 2948 863 3004 Pa·

80 3067 188 3113 tremet
202 3055 298 3111 Filium
310 3054 422 3109 diciums
435 3069 442 3114 ;
454 3061 481 3105 et
494 3059 636 3117 utrumque
657 3046 707 3100 lroc
727 3058 786 3098 cum
808 3041 863 3111 Spi-

80 3152 134 3204 ritu
144 3156 309 3205 sanctounus
318 3155 358 3201 est
373 3146 441 3199 Deus
455 3160 462 3197 ι
474 3141 517 3212 qui
527 3140 639 3209 Spiritus
649 3136 735 3192 Patris
747 3146 773 3189 ct
786 3132 860 3197 Filii,

81 3241 196 3312 Spiritus
208 3247 315 3293 sanetus
328 3236 433 3307 propria
446 3233 559 3304 quadam
571 3230 677 3284 tratione
691 3227 767 3295 bujus
780 3223 864 3279 nouri-

81 3333 164 3388 nisin
184 3329 267 3385 sacris
289 3326 396 3382 Litteris
419 3336 593 3393 nuncupatur.
618 3318 692 3372 illius
714 3325 862 3370 astantem

81 3438 161 3495 quarn
172 3422 251 3477 Pater
260 3428 287 3475 et
297 3419 378 3474 Filius
390 3459 398 3486 ‚
408 3419 469 3488 quia
480 3429 529 3471 nee
541 3414 618 3469 Pater
628 3418 687 3474 est,
702 3424 750 3465 nee
763 3408 863 3463 Filius:

81 3516 149 3579 sed,
164 3514 239 3570 illius
252 3511 326 3576 dixi3
346 3524 419 3574 oon,
442 3506 541 3570 ultum
564 3502 625 3573 quia
646 3512 673 3557 οι
696 3501 746 3555 boc
768 3499 866 3569 pariter

82 3607 196 3676 simplex
208 3603 357 3674 pariterque
368 3600 469 3656 bonurn
478 3606 520 3652 est
541 3591 755 3666 incommutabile
775 3599 802 3645 et
821 3601 866 3643 co·

63 3749 66 3755 .
82 3709 222 3754 eternum.
239 3695 272 3751 lit
285 3694 343 3748 lucc
361 3691 477 3746 'l'rinitas
490 3703 558 3743 uuus
571 3696 612 3742 est
630 3685 718 3740 Deus:
734 3696 784 3736 acc
807 3679 866 3734 ideo

83 3804 137 3846 nou
151 3788 284 3860 simplex,
297 3785 358 3855 quia
370 3782 497 3839 Trinitas.
510 3778 601 3848 Neque
614 3776 684 3833 enirn
696 3783 805 3846 propter
816 3770 867 3826 boc

83 3889 206 3937 naturam
222 3877 298 3932 istam
314 3874 377 3930 boni
389 3871 537 3942 simplicem
551 3868 683 3932 dicimus,
707 3867 767 3936 quia
788 3863 867 3918 Pater

84 3972 113 4028 in
126 3984 159 4026 ea
172 3968 265 4034 solus,
280 3975 327 4021 aut
337 3965 411 4022 solos
426 3962 527 4026 Filius,
541 3968 587 4015 aut
598 3959 671 4015 solus
684 3955 798 4026 Spiritus
811 3967 869 4007 san·

84 4071 144 4119 ctus
156 4078 164 4127 ;
177 4069 223 4115 aut
240 4073 305 4114 vero
325 4056 382 4112 sola
403 4063 446 4110 est
467 4053 518 4107 ista
538 4049 653 4105 nominis
673 4043 868 4102 Trinitassiuc

86 4150 257 4208 subsistentia
271 4148 283 4181 ⁸
297 4159 468 4219 personarum
483 4141 531 4216 ll),
544 4142 612 4197 sieut
627 4137 769 4196 Sabelliani
782 4135 869 4191 heere·

87 4243 132 4300 tici
145 4249 321 4313 putauerunt:
334 4237 345 4269 ⁸
358 4236 406 4293 sed
419 4236 478 4290 ideo
492 4233 602 4303 simplex
615 4229 712 4286 dieitur
723 4267 731 4294 ,
744 4226 869 4298 qnoniam

86 4334 158 4406 quod
172 4333 254 4388 babet
264 4373 271 4397 ‚
283 4329 335 4386 boe
347 4337 408 4394 est,
422 4333 534 4396 excepto
547 4321 617 4394 quod
633 4319 743 4377 relative
759 4330 871 4389 quaque

87 4440 201 4499 persona
215 4423 248 4479 ad
262 4423 371 4479 alteram
384 4417 489 4475 dicitur.
502 4415 568 4471 llam
587 4414 675 4481 utique
694 4409 773 4464 Pater
790 4406 871 4462 babet

88 4507 268 4582 Filium,ncc
281 4523 368 4569 tamen
382 4512 439 4580 ipse
459 4516 500 4562 est
517 4505 617 4568 Filius;
640 4511 668 4557 et
690 4499 772 4554 Filius
793 4497 872 4551 babet

88 4613 213 4676 labem,
227 4621 276 4663 occ
289 4615 377 4662 tatum
387 4603 444 4672 ipse
455 4608 497 4656 cst
510 4599 597 4654 Pater.
616 4595 645 4650 lu
656 4608 710 4666 quo
720 4607 784 4663 erqo
797 4589 830 4645 ad
842 4603 872 4646 se

90 4702 176 4772 ipsura
187 4697 303 4759 dicitur,
316 4707 369 4750 non
382 4690 416 4746 ad
426 4690 558 4752 alterum,
573 4686 624 4742 lroc
637 4692 677 4739 est
690 4681 761 4753 qnod
772 4679 872 4735 babet:

91 4792 160 4849 sicut
172 4787 205 4844 tul
222 4801 252 4843 se
269 4785 355 4856 ipsum
377 4780 474 4838 dicitur
495 4776 622 4842 uirens),
640 4771 763 4830 babendo
784 4771 874 4841 utiquc

93 4883 173 4938 sitam
185 4920 193 4947 ,
206 4887 235 4934 et
246 4876 338 4933 erdem
352 4873 405 4928 sita
419 4872 475 4943 ipse
489 4879 539 4925 est.

124 5083 134 5112 ι
151 5076 218 5136 ratu,
232 5085 286 5139 qnoe
295 5077 340 5124 ert.
352 5076 381 5120 tt
390 5064 544 5128 mnusmipti
553 5065 578 5114 lu
588 5062 634 5111 lroe
644 5066 671 5110 et
680 5055 798 5108 similibus
808 5054 875 5115 locis,

91 5141 357 5268 wsmari-usnimi
376 5191 452 5240 nostri
468 5199 562 5239 omnes.
585 5191 616 5255 ιιιΙ
627 5188 663 5240 lt„
675 5177 737 5244 quod
758 5175 877 5229 dimmnnt

93 5249 702 5372 consummataestomaet
735 5248 763 5291 l·

124 5384 137 5417 ⁸
152 5385 194 5435 talc
204 5380 271 5429 sind.
285 5387 335 5427 aar.
346 5382 372 5426 et
387 5381 423 5423 rr.
435 5348 532 5440 addunt,
546 5367 761 5431 retorquiqeant,
773 5359 878 5426 rmtplea

93 5436 454 5505 at,etrtttusnotanttureu
470 5437 562 5496 pontu
578 5427 736 5490 munisset,
752 5423 879 5475 etborest

94 5503 431 5572 quoditluddequopemtnx
444 5489 702 5546 ertsedtscatsuut
720 5500 735 5538 a
752 5490 879 5538 tor.eta

94 5567 302 5680 mitudinis.

128 5711 153 5773 (u
178 5664 228 5759 vid.
240 5707 310 5765 tuan
323 5714 391 5766 capp.
400 5696 441 5759 aa,
452 5697 492 5747 ιιι.
521 5756 526 5767 Ι

128 5772 155 5835 lb
175 5772 237 5822 tauri
250 5768 320 5827 inira,
328 5778 379 5827 cap
391 5762 422 5812 et
431 5761 501 5823 buirus
511 5754 574 5806 lrltrt.

909 2077 951 2170 est
963 2069 1139 2141 incorruptior
1148 2088 1226 2142 quam
1239 2073 1321 2128 altera
1335 2092 1341 2126 ι
1356 2089 1452 2145 corpus
1462 2092 1525 2131 uero
1538 2078 1623 2147 ipsum
1637 2096 1693 2134 rna·

907 2174 951 2227 prs
965 2170 1005 2213 est
1021 2160 1046 2213 in
1061 2170 1116 2216 toto
1129 2177 1206 2232 quam
1221 2163 1248 2217 in
1262 2173 1336 2233 parte
1347 2183 1355 2227 r
1366 2174 1392 2220 et
1403 2179 1463 2220 eum
1476 2167 1526 2221 alia
1539 2183 1599 2236 pars
1609 2177 1650 2224 est
1663 2169 1693 2225 in

912 2264 945 2305 eo
957 2251 1067 2319 amplior
1080 2293 1087 2317 ,
1100 2252 1152 2306 alia
1168 2252 1274 2320 minor,
1295 2269 1347 2308 non
1361 2269 1392 2309 ca
1405 2271 1464 2323 quae
1476 2256 1589 2326 amplior
1598 2267 1638 2313 eut
1651 2258 1693 2312 in·

912 2342 1062 2411 corruptior
1073 2358 1152 2413 qnam
1163 2359 1193 2398 ea
1207 2359 1265 2415 quse
1278 2345 1372 2400 minor·
1389 2345 1466 2401 stine
1481 2356 1523 2402 cst
1534 2347 1622 2419 itaque
1635 2364 1695 2404 cor-

912 2449 980 2503 pus,
995 2434 1064 2504 quod
1079 2450 1131 2489 non
1144 2436 1241 2506 ubique
1255 2437 1295 2490 sui
1309 2447 1393 2492 toturn
1415 2447 1475 2493 est:
1496 2437 1547 2493 alia
1570 2439 1694 2495 incorru-

912 2527 967 2593 ptio
980 2566 987 2588 ,
1003 2540 1061 2593 qum
1074 2525 1171 2595 ubique
1184 2526 1241 2595 ejus
1254 2535 1306 2581 tota
1319 2536 1378 2591 est;
1400 2528 1461 2597 quia
1479 2529 1566 2584 omnis
1577 2544 1638 2600 pars
1653 2531 1694 2584 in·

911 2615 1089 2685 corruptibilis
1102 2618 1224 2686 corporis
1236 2617 1315 2672 etiam
1330 2619 1434 2673 caeteris
1455 2618 1590 2690 inaequalis
1606 2635 1695 2690 tequa-

913 2705 972 2759 litcr
988 2706 1142 2777 incorrupta
1155 2716 1205 2761 cst.
1220 2705 1309 2777 Neque
1320 2708 1410 2775 euim,
1426 2708 1498 2764 verbi
1513 2710 1616 2779 pratia,
1635 2711 1700 2780 quia

911 2794 1010 2864 digitus
1024 2794 1111 2849 minor
1125 2805 1166 2850 est
1178 2811 1256 2865 quam
1270 2806 1323 2851 tota
1339 2812 1452 2865 manus,
1468 2797 1529 2852 idco
1540 2798 1700 2868 incorrupti·

911 2885 1095 2941 biliormanus
1109 2902 1188 2956 quam
1210 2888 1319 2958 digitus.
1341 2888 1377 2944 lta
1400 2905 1459 2945 curu
1481 2891 1533 2945 sint
1554 2891 1698 2962 inequales

914 2993 1008 3032 manns
1021 2988 1049 3032 et
1059 2976 1154 3047 digitus
1165 3017 1174 3039 ,
1187 2978 1296 3048 aequalis
1313 2990 1353 3034 est
1367 2989 1455 3035 tamen
1468 2980 1709 3050 incorruptibilitas·

913 3082 1006 3122 uranus
1018 3076 1047 3123 et
1057 3068 1140 3139 digiti.
1156 3071 1194 3122 Ae
1207 3084 1253 3138 per
1263 3069 1313 3124 lroe
1324 3068 1444 3139 quamuis
1455 3084 1470 3123 a
1481 3084 1592 3139 corpore
1607 3070 1699 3125 incnr·

913 3159 1028 3228 ruptibili
1051 3158 1232 3228 inseparabilis
1252 3157 1483 3228 incorruptibilitas
1495 3158 1548 3223 sit;
1563 3159 1633 3214 alind
1653 3170 1697 3215 est

913 3257 1002 3303 tanren
1017 3248 1182 3312 substantia,
1197 3264 1247 3318 qua
1261 3261 1358 3318 corpus
1371 3248 1484 3311 dicitur,
1501 3248 1572 3303 aliud
1586 3248 1701 3319 qualitas

913 3342 970 3412 ejus
982 3382 990 3406 ,
1004 3356 1055 3412 qua
1075 3338 1276 3411 iueormptibile
1296 3348 1470 3410 nuncupatur.
1489 3340 1525 3395 Et
1540 3339 1600 3395 ideo
1618 3341 1700 3396 etiam

915 3435 1017 3490 sienon
1038 3432 1088 3488 boc
1113 3431 1241 3502 estquod
1264 3431 1352 3486 lrabet.
1379 3431 1474 3485 laima
1496 3446 1600 3501 quoqne
1621 3431 1698 3500 ipsa,

915 3525 1018 3580 etianrsi
1032 3537 1138 3594 semper
1150 3523 1184 3578 sit
1193 3523 1298 3591 sapiens
1309 3561 1317 3585 ,
1328 3522 1396 3577 sicut
1407 3522 1457 3576 erit
1470 3538 1529 3576 curn
1545 3522 1701 3577 libembltut·

916 3613 941 3668 in
957 3622 1102 3677 ueteranum
1127 3612 1327 3682 participatione
1348 3613 1457 3667 tarneu¹
1479 3612 1700 3668 incommutabilis

916 3705 1053 3775 sapientise
1066 3704 1172 3774 sapiens
1182 3703 1231 3758 erit
1242 3744 1250 3768 ,
1263 3717 1322 3770 quae
1332 3717 1384 3756 uon
1395 3709 1435 3756 cst
1447 3700 1517 3769 quod
1529 3701 1594 3770 ipsa
1610 3700 1704 3771 Neque

917 3798 1030 3853 enimsi
1052 3812 1098 3853 aer
1119 3795 1203 3852 inlusa
1224 3795 1283 3849 luce
1306 3809 1440 3864 nurrquaru
1458 3793 1615 3861 deseratur,
1640 3794 1704 3851 idee

917 3907 969 3945 nou
983 3889 1052 3945 aliud
1066 3897 1106 3945 est
1120 3888 1195 3959 ipse,
1209 3886 1278 3942 aliud
1292 3887 1336 3940 lux
1350 3900 1401 3956 qua
1415 3886 1584 3941 illuminatur.
1609 3884 1702 3956 Neque

918 3981 969 4037 huc
981 3983 1016 4036 ita
1031 3979 1162 4046 dixerim,
1181 3979 1255 4051 quasi
1269 3993 1315 4034 aer
1325 3977 1360 4033 sit
1373 3976 1458 4031 anima
1474 3993 1482 4033 ε
1503 3976 1573 4046 qnod
1593 3986 1703 4046 putare·

919 4082 980 4127 runt
990 4070 1094 4142 quidam
1106 4111 1113 4136 ,
1124 4069 1169 4140 qui
1179 4085 1230 4124 non
1242 4077 1383 4139 putruerunt
1395 4067 1576 4136 incorpoream
1587 4065 1705 4136 cogitate

920 4173 1040 4219 naturam
1055 4159 1104 4234 (a).
1124 4160 1177 4216 Sed
1190 4160 1289 4215 babent
1300 4157 1357 4213 baec
1370 4156 1404 4212 ad
1416 4156 1461 4211 illa
1475 4158 1554 4212 etiam
1569 4157 1596 4212 in
1609 4171 1704 4226 magna

919 4253 1092 4325 disparilitate
1104 4251 1244 4322 quamdam
1258 4247 1476 4314 similitudinem,
1496 4258 1526 4303 ut
1542 4262 1594 4302 nou
1613 4248 1707 4303 incon·

919 4345 1057 4399 rcuienter
1066 4342 1185 4405 dicatur,
1197 4341 1236 4395 sie
1246 4337 1387 4394 illuminari
1397 4337 1511 4392 animaru
1523 4338 1705 4407 incorpoream

920 4434 980 4489 luce
994 4434 1148 4502 incorporea
1162 4431 1290 4501 simplicis
1303 4424 1440 4499 sapientie
1453 4429 1499 4486 ltei
1511 4470 1520 4497 ,
1531 4429 1600 4485 sicut
1611 4428 1708 4484 illumi·

922 4534 1000 4579 nutur
1011 4524 1082 4580 aeris
1094 4536 1189 4592 corpus
1205 4521 1263 4578 luce
1275 4536 1402 4591 corporea
1414 4536 1423 4586 ;
1436 4530 1463 4576 οι
1481 4521 1549 4576 sicut
1566 4535 1613 4575 aer
1632 4528 1708 4575 tene·

923 4615 1021 4670 brescit
1033 4614 1083 4669 ista
1096 4613 1156 4669 luce
1168 4612 1289 4667 desertus
1301 4610 1383 4684 (nam
1401 4610 1465 4665 nibil
1479 4619 1540 4665 sunt
1561 4607 1632 4664 aliud
1649 4622 1709 4679 quae

922 4705 1174 4762 dicunturlocorurn
1193 4717 1419 4775 quorumcumque
1435 4699 1612 4768 corporalium
1634 4710 1719 4756 tene·⁴

924 4798 997 4864 bne,
1018 4813 1096 4868 quam
1121 4812 1166 4851 aer
1185 4811 1279 4851 careus
1301 4795 1361 4850 luce
1374 4789 1443 4864 [i]),
1464 4792 1501 4846 ita
1522 4791 1709 4847 tenebrescere

925 4890 1040 4943 animam
1055 4885 1192 4957 sapientise
1205 4886 1265 4941 luce
1278 4884 1418 4953 privatam.

960 4981 988 5035 3.
1004 4977 1152 5035 Secundum
1178 4975 1230 5030 bne
1251 4989 1314 5045 ergo
1338 4973 1462 5028 dicuntur
1488 4971 1532 5025 illa
1558 4969 1711 5039 simplicia,

926 5086 986 5141 quc
1009 5068 1189 5140 principaliter
1206 5079 1321 5135 uereque
1343 5062 1431 5118 diuina
1453 5069 1533 5125 sunt,
1562 5060 1633 5131 quod
1658 5075 1713 5117 non

926 5159 997 5216 aliud
1009 5167 1051 5215 est
1065 5160 1090 5212 in
1103 5158 1142 5213 eis
1155 5155 1287 5226 qualitas,
1300 5153 1371 5209 aliud
1390 5152 1557 5219 substantia,
1581 5167 1630 5208 nec
1647 5152 1722 5209 alio·-

928 5265 986 5304 rum
997 5245 1196 5318 participatione
1208 5243 1249 5299 rel
1259 5243 1364 5307 diuina,
1375 5241 1416 5296 rel
1426 5240 1554 5311 sapientia
1565 5281 1574 5308 ,
1585 5242 1626 5297 rel
1636 5241 1714 5298 beata

961 5381 970 5412 ι
986 5380 1179 5428 steomuesrrss.
1191 5370 1368 5430 medictatem
1382 5369 1429 5422 erit
1439 5383 1495 5422 cren
1508 5383 1525 5421 a
1540 5376 1653 5435 pressam
1668 5369 1715 5421 nri·

929 5432 1394 5506 rerinliberniiturlipoeternammuin
1404 5432 1458 5484 lieet
1475 5440 1531 5483 trun
1588 5431 1594 5443 ’
1649 5430 1715 5483 rittr

930 5509 1061 5572 qtermrm,
1087 5501 1269 5563 pmtrnpntrorro
1295 5500 1375 5545 ιιιιιιοιι
1398 5493 1423 5544 iu
1561 5492 1585 5504 ”“
1619 5489 1703 5556 sapien

931 5569 1040 5614 meets.
1301 5605 1304 5610 ,

963 5597 999 5686 (α)
1011 5622 1133 5684 diogenes
1143 5632 1175 5669 ex
1185 5618 1291 5675 aristot,
1301 5615 1346 5667 llb.
1359 5616 1369 5665 l
1387 5615 1419 5666 de
1431 5617 1520 5675 aalma,
1531 5627 1586 5678 cap.
1601 5611 1630 5674 23
1642 5620 1706 5666 teet

932 5686 1019 5736 demus
1030 5690 1056 5733 et
1066 5682 1225 5731 anaximenes
1236 5690 1268 5728 en
1279 5675 1390 5738 'tertull.,
1403 5676 1444 5726 lib.
1456 5675 1489 5727 de
1500 5677 1590 5740 sabaa,
1597 5686 1650 5739 etp.
1661 5672 1687 5725 e.

966 5740 1003 5808 (t)
1013 5741 1079 5794 conl.
1091 5741 1134 5792 lib.
1147 5741 1201 5791 lde
1216 5747 1275 5791 nen.
1288 5747 1370 5790 eontra
1382 5737 1490 5798 staulcb,
1503 5750 1527 5786 n.
1539 5734 1562 5787 i.
