3900 6390
239 323 292 387 683

236 445 338 503 talitate
352 441 508 498 transibunt.
524 429 596 495 Nam
609 437 659 492 boe
672 437 706 493 de
721 437 772 493 isto
786 448 904 508 tempora
917 436 1023 506 aecipe-

242 550 284 604 re,
300 551 352 606 qno
366 534 476 604 regnat¹
490 548 549 587 eunt
561 529 632 600 Rege
645 545 692 584 suo
703 530 774 583 mille
787 529 873 594 annis,
885 540 1025 596 impuden-

237 627 282 681 tiae
296 624 384 680 nimias
399 622 463 677 mibi
478 621 581 676 ridetur
593 639 600 675 ε
613 635 673 675 cum
688 619 856 687 apertissime
880 618 961 680 dicat,
974 619 1026 672 db-

237 724 327 786 sterqet
338 712 406 768 Deus
416 728 514 766 omnent
529 714 668 781 lacrpntatn
682 709 712 763 nb
721 709 802 763 oeulis
814 725 916 774 eor·mu;
926 718 949 762 et
959 724 1026 761 mors

234 809 290 881 p'um
304 823 352 861 non
365 807 421 870 erit,
436 821 515 875 neque
529 804 620 865 lurtrtr,
636 819 715 871 neque
726 802 831 865 clausor,
841 801 885 855 sed
898 817 941 854 nee
954 801 1027 854 dolor

237 900 315 955 ullus.
329 899 394 968 Quis
417 914 481 954 sero
495 910 547 950 tarn
574 898 608 949 sit
622 895 762 960 absurdus,
778 902 805 948 et
819 893 1025 949 obstinatissme

239 994 411 1050 contentione
424 1007 553 1063 vesanos,
571 990 616 1060 qni
643 988 739 1043 andem
760 987 894 1040 altinnare
908 986 933 1040 in
949 985 1027 1052 lthus

238 1082 408 1138 mortalitatis
430 1081 568 1145 mrnmnis,
587 1091 639 1133 non
663 1077 723 1132 dico
744 1076 870 1147 populum
895 1085 1025 1142 sanetum,

239 1174 285 1233 scd
301 1190 521 1244 unumquemque
535 1182 699 1234 sanctorum,
725 1170 768 1240 qni
790 1169 858 1224 bane
876 1168 916 1222 vel
937 1168 1024 1232 ducat,

242 1264 284 1321 rel
298 1263 425 1320 ducturus
437 1264 481 1329 sit,
496 1262 537 1316 uel
550 1259 657 1315 duxerit
674 1260 764 1323 vitant,
787 1258 872 1312 nullas
885 1256 1025 1312 habentem

239 1353 371 1425 lacrymas
383 1362 409 1408 et
422 1353 542 1419 dolores;
557 1365 617 1405 cnm
643 1350 730 1420 potins
749 1360 849 1418 quanto
863 1349 973 1418 quisquc
987 1355 1027 1402 est

240 1445 359 1503 sanctior
373 1454 400 1500 et
415 1443 538 1499 desiderii
557 1443 640 1497 sattcti
659 1441 769 1512 plenior,
791 1448 862 1494 tanto
877 1441 911 1493 sit
923 1439 980 1509 eius
1000 1439 1025 1492 in

239 1538 342 1594 orando
354 1537 431 1593 fletus
447 1536 573 1592 uberiori
588 1535 683 1590 dunou
703 1543 743 1588 est
765 1547 815 1587 ror
830 1532 895 1587 civis
908 1533 918 1563 ¹
933 1545 1025 1600 soper-

239 1644 282 1684 nte
295 1628 454 1691 Jerusalem,
476 1627 564 1681 Factae
587 1636 643 1680 sunt
660 1625 722 1678 mibi
744 1624 861 1696 lacrymae
882 1624 1027 1694 mesepanir

240 1720 282 1777 die
293 1737 323 1774 ue
344 1731 416 1774 nocte
431 1718 516 1791 (Psoi.
540 1735 593 1782 snt,
615 1717 667 1788 ill
692 1726 728 1783 et,
744 1715 844 1769 Laenio
858 1732 902 1782 per
914 1714 1027 1786 sinqulos

238 1822 322 1866 noctes
336 1811 427 1865 lectum
440 1827 534 1876 rutenus,
554 1810 584 1864 iss
600 1808 718 1879 iacrymis
743 1808 803 1861 ιιιιὶι
826 1816 932 1860 stratum
946 1823 1027 1860 meum

240 1902 327 1977 ripabo
340 1901 424 1969 (Psoi.
438 1919 475 1966 ut,
487 1902 536 1971 i)?
548 1911 585 1966 et,
607 1899 719 1954 Gentitus
732 1917 801 1954 nteus
818 1917 868 1953 non
878 1910 914 1954 est
924 1902 1028 1954 cirron·

240 1993 307 2048 dittss
327 2010 342 2046 o
368 2004 391 2047 te
403 1992 487 2067 (Psoi.
498 2008 602 2056 sustu,
617 1990 680 2061 idi?
695 2002 731 2058 et,
749 1989 828 2046 Dolor
840 2007 909 2045 ntcus
920 2007 1026 2045 retrouo-

238 2094 278 2140 ttss
292 2094 327 2140 est
338 2083 424 2154 (Pral.
439 2099 549 2146 usuum,
563 2081 610 2153 dil
621 2083 673 2137 dot
684 2098 747 2137 nero
763 2098 814 2136 non
829 2082 887 2151 ejus
900 2081 1025 2148 filiisunt,

237 2173 283 2245 qni
297 2175 475 2246 ingemiscunt
486 2174 598 2244 grauati,
613 2174 638 2227 in
651 2187 703 2242 quo
715 2173 808 2227 uolunt
817 2172 970 2243 exspoliari,
980 2174 1027 2230 sed

237 2269 424 2340 supervestiri,
440 2277 469 2322 ut
479 2266 651 2323 absorbeatur
672 2265 802 2320 ntortale⁸
823 2281 838 2319 a
851 2267 904 2319 vita
918 2264 950 2335 (ll
965 2264 1025 2320 Cor.

238 2376 266 2428 r,
280 2360 330 2433 tlt
344 2359 438 2416 Nonne
447 2360 497 2432 ipsi
510 2367 581 2426 sunt,
596 2359 640 2429 qui
655 2359 782 2427 primitias
800 2356 928 2413 habentes
946 2358 1028 2427 Spiri-

239 2461 294 2519 tus,
311 2453 338 2507 in
362 2451 514 2521 semetipsis
536 2449 722 2520 ingemiscunt,
747 2449 915 2518 adoptionem
931 2464 1027 2517 exspe-

238 2549 354 2604 ctantes,
369 2539 580 2608 redemptionem
594 2539 713 2609 corporis
728 2540 768 2593 soi
785 2537 872 2611 (Rom.
891 2555 949 2603 snt,
959 2537 1027 2608 dili

239 2631 281 2687 sn
295 2632 352 2700 ipse
374 2631 510 2700 apostolos
524 2628 621 2683 Paulus
639 2645 691 2682 non
706 2638 763 2682 erat
777 2645 908 2698 supernus
920 2628 1028 2685 ieroso-

239 2723 394 2796 lymitanus,
404 2723 445 2778 uel
458 2738 509 2777 non
527 2720 707 2792 multomagis
721 2720 773 2776 hoe
785 2731 851 2785 erat,
865 2721 1027 2793 quandopro

238 2812 368 2871 israelitis
388 2813 514 2869 iratribus
541 2812 692 2867 carnalibus
714 2816 770 2867 suis
793 2813 897 2867 tristitia
919 2814 955 2868 illi
971 2825 1028 2869 erat

240 2922 348 2979 magna,
364 2915 392 2962 et
405 2906 547 2962 continuus
564 2904 641 2959 dolor
660 2904 733 2960 enrdi
747 2905 805 2974 ejus
822 2903 908 2977 (llam.
930 2922 967 2970 ut,
979 2904 1027 2975 dli

241 2999 355 3071 Qosndo
379 3009 466 3054 antem
486 3013 558 3052 nitus
576 3012 629 3052 non
645 2998 696 3052 erit
719 2997 745 3051 in
767 2998 816 3051 ista
837 2997 954 3064 civitate,
977 2999 1027 3052 uisi

240 3093 348 3166 quando
361 3091 474 3156 dicetur,
495 3088 543 3145 Ubi
563 3099 610 3156 ert,
632 3106 709 3156 ιιιοιι,
722 3090 845 3143 contentio
860 3099 902 3142 tua
913 3088 971 3161 (uli
985 3089 1028 3142 nbi

236 3197 285 3252 ssi,
299 3201 377 3252 mors,
392 3185 495 3237 aculeus
506 3182 586 3236 tuus?
600 3182 708 3235 Aculeus
721 3191 803 3234 antem
816 3182 903 3235 tstortir
912 3189 949 3234 ert
966 3197 1026 3249 pec·

238 3285 322 3332 ratum
335 3274 357 3347 (l
365 3275 423 3330 Cor.
434 3291 477 3341 xv,
488 3274 603 3343 senso)
613 3273 624 3326 i
635 3271 709 3340 Quod
721 3283 783 3327 tune
794 3273 883 3342 utique
898 3286 951 3326 non
964 3273 1025 3339 erit,

237 3368 344 3441 quando
354 3366 469 3432 dicetur,
482 3365 533 3420 titi
542 3376 578 3419 est
588 3367 600 3419 ,⁹
612 3363 686 3418 Notio
698 3379 762 3417 rero
778 3379 831 3418 non
842 3362 951 3434 quilibet
965 3364 1026 3417 ind-

239 3475 301 3516 mtts
316 3458 328 3491 ⁸
342 3458 408 3513 civis
420 3458 491 3512 illios
501 3457 624 3520 ciuitatis,
648 3454 696 3510 sed
714 3454 784 3508 idem
799 3455 855 3524 ipse
868 3454 984 3510 loannes
1000 3455 1026 3509 in

241 3552 358 3622 Epistola
374 3565 420 3605 sua
438 3549 546 3613 clansat,
567 3548 597 3602 Si
612 3548 748 3601 dixerimus
761 3548 820 3618 qum
834 3539 962 3618 peccatum
976 3564 1026 3602 nou

238 3645 368 3707 iubentur,
382 3658 428 3697 uos
448 3641 516 3710 ipsos
535 3639 688 3705 reducimur,
705 3647 729 3692 et
741 3639 831 3692 neritus
848 3640 874 3693 iu
893 3637 963 3693 trabis
976 3655 1026 3693 non

238 3744 275 3791 est
290 3733 311 3807 (Ι
331 3732 408 3788 Joan.
423 3748 442 3797 t,
455 3730 494 3800 8).
508 3731 542 3785 Et
555 3731 581 3784 in
606 3728 657 3784 boe
675 3729 780 3799 quidem
794 3730 871 3797 libro,
886 3730 961 3800 eujus
975 3747 1026 3785 no·

239 3841 301 3881 suen
321 3831 364 3879 cst
389 3821 573 3894 Apoealypsis,
595 3821 709 3875 obscure
734 3822 816 3875 molta
840 3821 972 3888 dicontur,
997 3834 1027 3878 nt

238 3929 356 3975 mentem
378 3916 490 3986 legentis
502 3921 657 3977 exerceant,
678 3921 705 3968 et
727 3927 809 3982 panea
821 3913 848 3967 in
863 3928 895 3969 eo
906 3923 978 3982 sunt,
993 3930 1025 3970 ex

240 4024 354 4082 quornm
373 4006 587 4063 manifestatione
600 4004 758 4075 indagentur
770 4015 866 4059 uetera
881 4019 941 4059 enm
954 4005 1026 4060 labo·

240 4116 271 4157 re
288 4118 295 4154 :
311 4099 426 4153 manime
439 4098 501 4168 quia
517 4099 555 4151 sle
568 4094 661 4150 eadent
677 4094 767 4148 multis
778 4093 864 4148 modis
879 4095 983 4165 repetit,
997 4105 1027 4150 ιιι

237 4190 290 4247 ulia
303 4201 382 4259 atque
394 4188 444 4243 alis
465 4187 554 4241 dicere
568 4186 706 4250 rideatur;
722 4200 782 4239 cum
798 4184 875 4240 aliter
886 4195 965 4256 atque
975 4187 1024 4241 aii-

238 4292 279 4340 ter
292 4282 416 4352 baeeipsa
436 4280 527 4335 dicere
538 4279 695 4348 vestigetur.
710 4278 808 4333 Verum
832 4279 858 4331 in
875 4278 1024 4343 bisverlsis,

236 4375 283 4431 ubi
298 4376 345 4438 ait,
360 4372 488 4442 discerpet
498 4369 569 4424 Deus
586 4386 684 4424 omnem
700 4369 839 4439 lacrymam
854 4369 885 4422 ab
895 4369 1026 4425 oculises-

236 4485 309 4532 rum,·
321 4476 344 4520 et
354 4464 483 4536 morsjam
496 4479 546 4516 ιιοιι
559 4463 615 4526 erit,
631 4477 709 4532 neque
723 4460 813 4525 luctus,
829 4477 908 4531 neque
918 4462 1023 4529 elamor,

238 4560 288 4617 scd
296 4576 342 4615 nec
362 4557 436 4611 dolor
449 4554 540 4609 ullus:
562 4563 631 4607 tanta
647 4554 705 4608 loeo
719 4552 788 4607 dieta
806 4563 867 4608 sunt
878 4554 912 4608 de
928 4555 1025 4609 saeculo

239 4654 329 4711 futuro
351 4661 378 4706 et
390 4647 589 4706 immortalitate
610 4655 689 4715 atque
706 4645 853 4700 aeternitate
873 4654 1024 4700 sauctorum

236 4748 313 4820 (tutte
327 4745 400 4801 enim
415 4743 516 4804 solum,¹
529 4747 607 4807 atque
629 4736 664 4791 ibi
679 4735 765 4790 solum
786 4737 835 4790 ista
855 4750 907 4789 non
923 4737 1023 4806 erunt),

236 4838 350 4895 utnulla
364 4835 509 4891 debeamus
527 4831 554 4884 itt
576 4828 684 4884 Litteris
699 4826 782 4882 sacris
796 4842 916 4897 qumrere
928 4828 971 4883 rel
984 4829 1024 4884 ie·

238 4945 303 5002 pere
317 4924 500 4991 manifestari
515 4923 572 4977 bane
582 4919 761 4993 putaverimus
770 4917 891 4972 obseura.

234 5021 347 5078 CAPUT
368 5017 461 5075 lllllll.
471 5047 506 5058 —
516 5015 583 5083 Quid
592 5014 723 5083 apostolus
739 5012 830 5067 Petras
843 5014 876 5068 de
888 5015 1023 5070 ιιοοὶιιιιιιο

465 5107 513 5161 Dei
522 5106 620 5178 judicio
639 5103 791 5175 predicaris.

268 5199 407 5270 lionejam
421 5199 568 5262 uideamus,
584 5196 647 5266 qnid
676 5196 756 5250 etiam
772 5196 906 5265 apostolus
928 5196 1022 5254 Petrus

265 5313 274 5346 ¹
291 5312 361 5372 editi,
371 5314 480 5374 sequent.
494 5317 521 5361 ιι
533 5317 595 5371 uss,
607 5311 713 5372 requei:
731 5305 838 5357 refertur
854 5307 884 5357 sd
900 5307 1022 5359 deitatem

232 5373 503 5495 ⁰¹¹{legib}lrlrbsnuncripti.
516 5439 543 5482 ut
552 5432 619 5491 erliti,
632 5429 693 5491 loeo,
708 5428 776 5490 ιιοιι,
787 5429 888 5492 balneat,
900 5429 1021 5484 ιιιιιοιιιι

232 5500 471 5617 ¹¹¹¹{ubsulb’tbubbortale
489 5553 542 5622 itur.
555 5554 638 5613 abest,
648 5550 726 5613 toea
737 5554 912 5615 manuscriptis.

262 5621 275 5653 ⁸
290 5621 400 5682 Plerique
410 5625 472 5675 tiss,
484 5615 603 5679 inpressos.

263 5681 300 5745 is)
314 5682 409 5732 uidetur
426 5681 500 5752 igitur
516 5671 675 5750 nonnullos,¹
694 5674 786 5749 legisse
797 5675 860 5750 apud
877 5674 982 5737 vantium,
994 5685 1022 5727 ut

231 5741 340 5807 vomam,
350 5755 405 5806 quae
416 5747 516 5792 οιοιοιιο
526 5743 615 5797 nertst;
627 5735 864 5794 raimalastum
883 5737 1021 5788 ambrosios

234 5802 532 5870 mulerommusintertm
542 5797 637 5864 ieptsnt.
649 5804 704 5850 tan.
717 5805 795 5849 ιιοιι.

781 325 823 378 ΒΕ
844 322 1004 380 ettttutn
1026 320 1092 382 tttit.
1110 325 1139 381 S.
1160 326 1342 384 uucbsttnt

1823 333 1876 390 uss

1081 443 1115 495 de
1129 439 1181 496 boe
1192 441 1292 510 indicio
1309 443 1444 512 scripserit
1462 461 1468 498 :
1488 441 1601 512 Venient,
1613 446 1712 517 inquit,
1728 448 1755 501 in
1765 452 1875 504 ιιοιίιιι-

1080 547 1121 586 nto
1134 533 1229 587 dietum
1240 534 1357 589 illusione
1368 535 1511 604 illudentes,
1526 539 1663 594 meandum
1677 542 1799 612 proprios
1813 559 1875 598 eon-

1080 626 1246 693 cupiscentiar
1259 635 1423 694 enascentes,
1439 639 1462 681 et
1475 629 1594 697 dicentes,
1607 629 1630 686 tt
1633 632 1658 684 ii
1670 642 1709 686 est
1719 636 1875 704 promissum

1080 716 1220 784 presentie
1233 716 1332 783 ipsius?
1347 715 1388 771 Es
1400 734 1449 788 quo
1467 720 1532 772 euim
1554 730 1637 789 potres
1652 720 1826 789 dormierunt,
1841 727 1877 779 sic

1080 809 1164 861 ontnio
1188 820 1347 878 peruenerant
1360 810 1391 864 ab
1404 811 1476 865 initio
1490 823 1619 867 mensura.
1643 814 1719 869 Latet
1733 817 1805 889 enirn
1819 816 1877 870 iilos

1081 904 1127 955 uos
1137 903 1257 967 colereter,
1272 904 1330 972 quio
1342 904 1398 957 roeli
1420 915 1491 959 eram
1515 905 1576 960 alins
1590 919 1613 961 et
1628 919 1695 962 terro
1709 909 1742 963 de
1758 926 1839 980 nque,
1854 922 1877 965 es

1080 1011 1126 1065 per
1138 1010 1228 1064 aquom
1241 996 1374 1050 constituta
1388 996 1434 1051 Dei
1445 999 1538 1064 serim·
1550 1018 1595 1071 prr
1606 1018 1671 1071 qum,
1686 1004 1735 1075 qni
1747 1015 1812 1057 tsne
1824 1015 1876 1057 erat

1080 1088 1198 1152 muudus,
1211 1104 1277 1159 aquo
1292 1089 1428 1144 inundetur
1442 1090 1559 1159 deperiit.
1576 1091 1625 1159 Qui
1638 1104 1724 1148 autem
1739 1107 1877 1149 nuncrsmt

1079 1180 1134 1233 coeii
1148 1188 1170 1232 et
1185 1190 1262 1246 terro,
1277 1181 1364 1235 eodem
1373 1183 1447 1237 serbo
1461 1184 1563 1255 repositi
1575 1195 1644 1251 sunt,
1659 1186 1714 1257 ipni
1729 1189 1876 1242 reserpendi

1079 1268 1105 1323 in
1120 1269 1185 1324 diem
1193 1271 1285 1341 judieii
1304 1281 1327 1325 et
1342 1273 1491 1341 perditionis
1505 1277 1636 1330 bominum
1650 1278 1802 1350 impiorum.
1820 1279 1876 1334 ux

1079 1379 1158 1416 unum
1171 1379 1227 1416 uero
1251 1381 1300 1418 non
1319 1365 1395 1420 lnteat
1413 1383 1467 1433 uer,
1489 1367 1640 1430 charisrimi,
1663 1371 1724 1442 quio
1736 1389 1806 1427 unus
1821 1373 1874 1427 dies

1079 1457 1148 1526 apud
1162 1454 1308 1521 Dominum,
1323 1459 1387 1513 ricus
1405 1459 1474 1514 mille
1496 1462 1574 1529 unni,
1599 1472 1623 1517 et
1640 1465 1710 1520 ntilie
1721 1466 1797 1533 antri,
1809 1470 1874 1525 sicst

1080 1548 1133 1603 dier
1147 1565 1222 1602 unus.
1239 1547 1300 1603 b'on
1310 1550 1393 1604 tardat
1416 1550 1540 1611 Dnndnus
1555 1557 1717 1625 promissum,
1733 1558 1802 1612 sicut
1815 1562 1874 1630 qui·

1079 1639 1139 1694 dam
1159 1639 1302 1695 tarditatem
1324 1643 1468 1698 existimans
1488 1662 1499 1700 .·
1518 1646 1564 1700 red
1574 1648 1695 1718 patienter
1705 1651 1756 1719 (ert
1769 1661 1876 1720 propter

1079 1749 1133 1798 oos,
1147 1735 1235 1788 uolens
1254 1735 1363 1805 aliquem
1381 1737 1472 1807 perire,
1486 1737 1532 1792 sed
1547 1756 1633 1794 omnes
1655 1741 1681 1795 in
1698 1742 1874 1811 penitentiam

1079 1824 1198 1878 ιοιιιιιιί.
1219 1823 1304 1879 l'cnict
1324 1838 1407 1882 autem
1421 1829 1474 1884 dies
1488 1827 1594 1884 Dnndni
1606 1841 1633 1885 ut
1646 1834 1698 1904 sur,
1715 1833 1742 1886 in
1755 1849 1809 1904 quo
1819 1835 1876 1887 coti

1080 1933 1172 1988 sstapno
1186 1918 1281 1989 impetn
1295 1928 1489 1976 transcurrent:
1507 1922 1628 1978 cientento
1649 1933 1735 1979 emens
1754 1926 1875 1980 ardentia

1079 2010 1235 2066 resolventur
1242 2028 1253 2077 ,·
1268 2023 1290 2065 et
1301 2022 1377 2077 terro,
1393 2023 1416 2068 ct
1426 2031 1483 2084 quae
1496 2015 1588 2084 inipso
1601 2025 1658 2070 runt
1673 2034 1753 2088 opero
1765 2034 1875 2073 exorm-

1081 2111 1132 2156 tur.
1149 2101 1197 2157 Hir
1220 2119 1279 2174 erpo
1294 2105 1409 2160 ontnibtss
1423 2105 1593 2175 percuntibus,
1608 2108 1696 2176 quoles
1708 2118 1809 2180 oportet
1821 2126 1876 2165 esre

1079 2207 1123 2248 ιοι
1136 2194 1162 2247 in
1184 2194 1278 2248 sanctis
1297 2196 1526 2251 conuersationibus
1543 2208 1726 2269 exspectantes,
1740 2209 1764 2254 et
1782 2217 1875 2272 prope·

1079 2293 1163 2338 renus
1183 2283 1218 2338 ad
1232 2286 1390 2355 pereuntium
1405 2286 1456 2342 diei
1473 2285 1588 2355 Dourisd,
1606 2306 1651 2360 per
1663 2306 1742 2360 qoam
1760 2291 1818 2345 caii
1831 2309 1875 2345 or·

1080 2376 1167 2432 dentes
1179 2378 1316 2444 solventur,
1330 2389 1353 2434 et
1366 2381 1486 2434 elemento
1497 2383 1563 2453 iqnir
1575 2383 1667 2437 ardore
1681 2383 1875 2454 decoquentur?

1081 2467 1168 2523 Nouos
1181 2486 1238 2524 uero
1252 2470 1336 2535 coelos,
1345 2482 1369 2525 ct
1379 2483 1472 2528 terrum
1486 2474 1734 2540 nonom,recundum
1746 2477 1874 2545 pransuro

1078 2562 1169 2633 ipsius,
1177 2573 1361 2634 exspectantur,
1370 2565 1396 2618 in
1408 2565 1497 2634 quibus
1503 2565 1608 2636 justitio
1620 2565 1745 2621 innabitat
1753 2565 1871 2637 (llPetr.

1079 2670 1117 2721 tu,
1134 2654 1225 2727 d-l'd).
1248 2655 1320 2711 Nihil
1334 2656 1379 2712 bie
1398 2656 1465 2712 diuit
1484 2658 1517 2713 de
1536 2659 1732 2714 resurreetione
1751 2668 1873 2715 mortno·

1079 2760 1139 2801 runt
1155 2764 1161 2799 :
1176 2746 1223 2802 sed
1238 2762 1302 2802 sane
1315 2746 1348 2802 dc
1361 2748 1510 2817 perditione
1528 2747 1621 2805 mnndi
1636 2748 1717 2819 buius
1729 2751 1806 2806 satis.
1822 2751 1872 2807 Ubi

1079 2842 1158 2902 etiam
1174 2856 1387 2921 commemorans
1405 2839 1502 2896 laetum
1519 2852 1581 2898 ante
1602 2842 1740 2909 diluvium,
1766 2843 1873 2899 ridetur

1079 2933 1250 2990 admonuisse
1262 2932 1469 3003 quodammodo,
1484 2945 1613 3006 qnatenus
1624 2936 1651 2991 in
1663 2935 1715 2992 due
1728 2936 1810 3008 hujus
1822 2954 1872 2993 sm-

1079 3024 1131 3080 cnli
1145 3024 1272 3080 mnndum
1287 3024 1365 3080 istum
1387 3026 1535 3095 periturum
1552 3041 1612 3083 esse
1629 3026 1781 3084 credamus.
1804 3028 1871 3086 Natu

1079 3123 1106 3169 et
1116 3115 1162 3170 illo
1172 3123 1292 3184 tempore
1304 3115 1405 3187 perisse
1415 3115 1494 3181 dixit,
1506 3116 1552 3187 qui
1563 3126 1626 3172 tune
1637 3126 1706 3185 erat,
1718 3119 1849 3175 muudum
1862 3139 1869 3175 :

1079 3223 1129 3261 nee
1154 3206 1239 3261 solum
1254 3205 1346 3262 orbem
1372 3216 1460 3269 terras,
1485 3222 1577 3262 rernm
1599 3208 1678 3262 etiam
1692 3209 1871 3280 eoelos,quos

1078 3297 1169 3368 utique
1191 3296 1256 3352 istos
1274 3297 1361 3354 aerios
1383 3296 1569 3369 intelligimus,
1591 3313 1705 3369 quorum
1727 3300 1817 3357 locum
1839 3317 1871 3357 ae

1078 3389 1193 3459 spatium
1208 3398 1272 3445 tune
1283 3404 1351 3460 aqna
1366 3388 1513 3446 crescendo
1533 3399 1716 3461 superaverat.
1741 3391 1814 3463 Ergo
1829 3403 1871 3447 to·

1078 3490 1131 3546 tos,
1144 3490 1189 3536 aot
1202 3495 1269 3551 pene
1280 3488 1351 3537 totns
1362 3495 1409 3537 ser
1420 3480 1471 3536 iste
1485 3490 1611 3537 ventosus
1623 3480 1705 3553 (qood
1716 3482 1816 3538 coelnm
1827 3483 1869 3539 rel

1078 3570 1168 3642 potins
1183 3572 1266 3627 eoelos
1288 3580 1376 3639 uocat,
1392 3571 1439 3627 sed
1452 3572 1518 3626 istos
1533 3572 1624 3642 utique
1644 3573 1723 3640 imos,
1740 3588 1796 3628 non
1810 3574 1870 3630 illos

1078 3676 1228 3733 supremos,
1240 3662 1285 3718 obi
1298 3662 1348 3728 sol,
1361 3670 1389 3717 et
1403 3661 1475 3726 luna,
1491 3670 1518 3718 et
1529 3661 1616 3718 sidera
1626 3663 1772 3720 constituta
1782 3667 1867 3737 sont),

1078 3767 1223 3809 corinenses
1245 3752 1331 3808 inerat
1345 3753 1372 3807 in
1388 3752 1523 3807 humidam
1540 3753 1694 3824 qualitatem
1717 3755 1774 3827 (u);
1789 3765 1869 3828 atque

1079 3844 1130 3901 boe
1142 3843 1293 3900 modorum
1304 3851 1375 3899 terra
1389 3845 1513 3914 perierat,
1523 3846 1598 3914 enjus
1609 3855 1687 3902 terne
1696 3848 1789 3919 utique
1797 3849 1870 3920 prior

1078 3934 1160 3991 iacies
1172 3934 1259 3990 luerat
1271 3934 1357 3991 deleta
1372 3934 1482 3991 diluvio.
1505 3935 1557 4004 Qui
1568 3945 1652 3991 uuum
1663 3953 1731 3992 nune
1744 3948 1815 4005 runt,
1826 3939 1869 3993 in·

1078 4027 1144 4097 quit,
1158 4025 1214 4081 coeii
1228 4037 1252 4080 et
1276 4035 1353 4094 terra,
1376 4026 1462 4080 eodem
1476 4028 1549 4081 neria
1561 4026 1665 4098 repositi
1676 4036 1745 4093 runt,
1760 4027 1815 4100 iqui
1829 4045 1869 4082 re·

1077 4118 1193 4174 mundi
1205 4119 1231 4172 in
1242 4118 1308 4173 diens
1315 4118 1410 4190 judieii
1420 4127 1443 4173 et
1464 4118 1612 4188 perditionis
1630 4118 1764 4174 bominum
1773 4120 1869 4192 inspie-

1078 4229 1146 4267 sunt.
1161 4211 1276 4268 Proinde
1286 4213 1330 4284 qui
1341 4212 1413 4280 coeli,
1424 4221 1452 4268 et
1462 4227 1522 4282 quae
1534 4221 1615 4277 terra,
1629 4211 1656 4267 id
1665 4221 1718 4280 est,
1732 4213 1778 4284 qui
1790 4230 1868 4269 mnn-

1078 4304 1139 4371 dos,
1154 4319 1202 4374 pro
1217 4318 1250 4359 eo
1264 4302 1365 4359 mundo
1378 4303 1422 4373 qni
1437 4302 1536 4357 diluuio
1551 4303 1638 4372 periit,
1650 4317 1682 4358 ex
1694 4301 1868 4375 eademnque

1078 4397 1211 4467 repositos
1226 4404 1276 4460 cst,
1289 4396 1346 4466 ipse
1358 4396 1413 4466 igni
1425 4394 1573 4451 novissimo
1586 4404 1741 4452 reservatur
1757 4397 1785 4454 in
1797 4397 1867 4453 diem

1075 4489 1167 4560 judieii
1180 4504 1208 4546 et
1221 4487 1377 4559 perditionis
1392 4487 1527 4542 hominnm
1537 4487 1691 4557 impiorum.
1700 4485 1768 4543 Nam
1782 4498 1811 4545 et
1821 4489 1868 4543 lto-

1077 4582 1190 4647 minnm,
1205 4588 1313 4650 propter
1323 4593 1445 4648 magnam
1458 4576 1600 4647 qnamdam
1617 4579 1865 4655 commutationem,

1078 4690 1130 4728 non
1141 4674 1244 4729 dubitat
1256 4671 1345 4726 dieere
1360 4669 1535 4740 perditionem
1549 4666 1681 4732 suturam:
1697 4685 1759 4725 etun
1777 4681 1865 4726 tarneu

1077 4780 1179 4830 eoram,
1200 4763 1321 4834 quamvis
1341 4763 1368 4815 in
1391 4761 1497 4815 aeternis
1518 4761 1613 4828 poenis,
1628 4760 1663 4814 sit
1675 4776 1802 4817 mansura
1817 4779 1866 4817 na·

1077 4865 1146 4912 tora.
1161 4858 1268 4924 Quaerat
1281 4855 1393 4910 forsitan
1403 4851 1509 4924 aliquis,
1521 4853 1613 4923 sipost
1623 4852 1723 4908 laetum
1736 4854 1866 4924 iudicium

1077 4947 1191 5004 mundns
1206 4948 1255 5001 iste
1269 4945 1382 5008 ardebit,
1400 4953 1542 5013 atttequam
1556 4957 1605 5011 pro
1625 4942 1671 4998 illo
1691 4947 1790 5002 coelom
1816 4961 1866 5001 no·

1076 5055 1147 5103 unm,
1163 5047 1190 5094 et
1207 5046 1278 5093 terra
1299 5052 1366 5092 nora
1381 5044 1536 5105 reponatur,
1549 5048 1583 5088 eo
1595 5033 1653 5101 ipso
1666 5044 1789 5107 tempore
1800 5052 1865 5093 con-

1075 5129 1239 5200 flagrationis
1252 5130 1310 5197 ejus
1323 5128 1366 5182 nbi
1379 5139 1459 5183 erunt
1472 5129 1567 5196 sancti,
1579 5145 1660 5201 quum
1677 5144 1724 5185 eos
1735 5129 1864 5185 babentes

1076 5239 1188 5293 corpora
1203 5224 1228 5277 in
1240 5223 1328 5292 aliquo
1341 5221 1540 5292 corporaliloeo
1551 5236 1610 5276 csse
1619 5234 1730 5277 neeesse
1743 5222 1787 5274 sit.
1798 5221 1864 5276 l‘os·

1075 5334 1169 5375 sumus
1182 5316 1353 5387 respondere,
1376 5314 1478 5370 loturos
1497 5329 1544 5370 eos
1563 5328 1622 5368 esse
1636 5314 1662 5368 in
1682 5313 1864 5383 superioribus

1075 5409 1205 5481 partibus,
1215 5422 1268 5478 qno
1281 5406 1316 5461 ita
1329 5420 1381 5460 non
1396 5405 1523 5461 ascendet
1534 5403 1640 5460 damma
1651 5404 1723 5460 illins
1736 5404 1862 5466 incendii,

1074 5498 1299 5573 quemadmodum
1321 5511 1372 5553 nee
1393 5496 1462 5551 unda
1478 5495 1581 5551 diluvii.
1604 5494 1677 5550 Talia
1699 5494 1798 5566 quippe
1812 5493 1861 5549 illis

1075 5596 1181 5650 inerant
1193 5606 1316 5663 corpora,
1331 5600 1362 5646 ιιι
1375 5590 1429 5646 illie
1441 5588 1504 5656 sint,
1518 5588 1563 5644 ubi
1581 5602 1641 5645 esse
1653 5587 1795 5645 noluerint.
1810 5583 1864 5644 Sed

1107 5797 1143 5860 (a)
1155 5791 1219 5847 cotti.
1232 5790 1274 5844 tto.
1287 5791 1343 5844 ida
1351 5795 1410 5842 den.
1422 5784 1452 5840 sd
1463 5786 1527 5849 titt..
1539 5798 1581 5837 nn.
1592 5782 1650 5847 ιδ.
