3900 6390
106 302 165 369 m
792 285 893 344 utum
906 280 1051 343 ιιιιιι.
1686 284 1738 345 ιιι

106 412 283 491 seems
295 411 387 481 rebus,
399 409 447 468 ιι·
460 407 535 466 suxit
552 405 708 464 bonoribus.
720 402 749 459 ln
762 403 896 459 neorlmm
948 400 1066 456 dendnm
1099 411 1160 454 esse
1192 396 1291 464 siden,
1316 395 1361 467 qui
1399 395 1621 452 manifestissimis
1655 396 1740 453 decu·

106 517 169 578 pont
185 503 326 563 morbo
344 500 460 576 privatae
478 496 630 554 inimicitias
655 495 745 551 valere
765 491 895 565 perusinis.
949 490 1058 554 montis,
1071 488 1167 559 quibus
1187 486 1335 544 ostenditur
1347 485 1420 558 quod
1442 488 1477 543 sd
1498 489 1548 543 ista
1570 488 1739 558 tempor-tls,

107 598 182 655 netu
191 595 291 663 cirilim
303 592 438 653 ιιιιὶιιι
451 590 535 647 Cinns
546 583 800 657 etlinriusetSplla
812 582 896 640 etalii
949 596 1009 653 quae
1028 580 1084 637 sola
1105 579 1177 636 stulti
1198 578 1296 635 unbem
1316 580 1524 651 concupiscunt,
1540 577 1604 634 nibil
1624 577 1736 635 deorusr

107 689 176 746 teies
193 702 244 745 nec
256 685 331 745 mus
342 683 421 743 brito
433 681 584 746 voluerunt,
599 677 647 735 sed
662 677 746 748 magis
757 674 843 731 doluit
853 686 897 729 ιι·
949 672 1075 728 nieorum
1086 672 1262 726 numerositas
1276 670 1370 740 prosit,
1386 671 1512 726 contutati
1527 679 1607 741 atque
1619 669 1736 727 convicti

108 791 166 839 trta
177 793 256 839 ouem
266 778 390 849 ιιὶιιιιιι
400 790 498 833 nocue
508 773 590 830 noluit
602 764 753 827 terminata.
762 767 898 824 interime
949 771 1080 818 conantur
1092 774 1223 827 asserere,
1239 774 1292 815 non
1308 771 1416 831 propter
1430 760 1491 816 sitae
1514 761 1654 830 presentis
1671 759 1739 817 utili·

107 870 198 927 omnis
211 884 243 925 er
258 870 316 940 ipso
330 866 408 923 initia
422 863 528 939 inperii
543 863 586 921 sni
600 877 652 919 non
665 859 766 931 quieuit
781 856 899 927 justissi-
950 861 1042 919 tatem,
1056 850 1104 908 sed
1120 860 1228 921 propter
1240 866 1298 907 eam
1311 867 1371 921 qum
1385 860 1570 923 postmortem
1583 849 1671 906 iuturn
1684 859 1738 918 cst,

108 965 160 1019 mis
173 969 201 1019 et
213 958 471 1017 misericordissimis
486 956 589 1030 legibus
606 953 733 1012 edversus
750 950 846 1021 impios
858 950 898 1005 la·
949 942 1077 999 colendos
1087 941 1163 998 deos.
1174 941 1240 997 llam
1254 941 1312 998 istis
1323 943 1368 1012 qui
1382 951 1490 1013 propter
1504 941 1634 998 amicitias
1646 940 1740 1001 muntii

110 1054 214 1113 tonanti
228 1050 355 1109 Ecclesiae
370 1049 523 1117 subuenire,
542 1060 624 1119 qnam
642 1043 739 1100 iniens
757 1040 899 1097 ltnreticus
949 1033 1027 1106 buius
1036 1035 1127 1090 volunt
1136 1049 1203 1090 sana
1212 1034 1312 1100 colere,
1323 1044 1351 1090 et
1362 1049 1455 1090 nense
1466 1035 1582 1105 permitti
1594 1034 1757 1107 puerilibttse

109 1150 203 1202 'at-ens
222 1141 327 1201 Arianis
340 1140 512 1198 vehementer
525 1138 673 1197 atumem:
683 1135 760 1206 otius
772 1131 899 1189 sceleste
951 1126 1073 1182 sensibus
1083 1138 1296 1196 conqueruntur,
1308 1125 1350 1182 itis
1368 1125 1485 1198 quinque
1499 1126 1574 1183 libris
1587 1125 1653 1183 satis
1664 1124 1738 1183 arbi·

109 1235 297 1300 sentembmm
309 1247 370 1290 esse
383 1230 467 1302 magis
484 1244 564 1301 quant
576 1229 602 1283 in
618 1226 696 1285 terris
707 1237 820 1296 regnare
830 1236 897 1293 guu-
950 1225 1008 1271 tror
1020 1229 1081 1271 esse
1094 1230 1262 1287 responsum.
1282 1215 1399 1284 Quorum
1418 1224 1472 1273 tres
1486 1217 1589 1287 priores
1601 1231 1662 1273 curn
1681 1215 1741 1274 ett-

109 1328 198 1383 debat.
211 1324 357 1383 simulacra
371 1322 515 1379 Gentilium
528 1320 625 1390 ubique
638 1315 783 1374 evertenda
795 1328 898 1387 prece·
950 1307 1061 1374 distem,
1075 1317 1103 1363 et
1115 1308 1141 1362 in
1156 1308 1300 1365 multorum
1315 1305 1438 1362 manibus
1450 1321 1511 1362 esse
1525 1305 1680 1376 coepissent,
1690 1319 1740 1363 au·

110 1420 158 1494 pit,
174 1417 241 1473 satis
251 1414 399 1495 intelligeqs
414 1426 463 1468 nec
476 1420 581 1467 terrena
595 1421 704 1463 snutrera
718 1406 744 1461 in
754 1403 900 1461 ιιιιιιὶι·
950 1399 1004 1454 divi
1014 1399 1143 1469 quosdam
1158 1399 1333 1469 nescioquam
1344 1397 1528 1454 adversuscos
1536 1397 1738 1468 responsionem

109 1528 179 1578 ruru,
194 1508 241 1566 sed
252 1509 279 1563 in
293 1507 340 1562 liei
351 1505 406 1560 reri
419 1519 479 1561 esse
493 1502 575 1574 posita
584 1508 726 1572 potestate.
735 1495 802 1566 Quid
811 1503 899 1550 suum
950 1490 1092 1547 scribendo
1112 1504 1272 1561 preparare.
1297 1488 1398 1544 Deinde
1417 1487 1451 1543 nd
1473 1503 1516 1545 mc
1535 1487 1665 1559 perlatum
1686 1496 1738 1553 est,

109 1603 160 1658 init
174 1601 233 1670 eius
255 1597 377 1669 religiosa
397 1593 547 1651 bumilitate
567 1591 724 1655 mirabilius,
748 1584 899 1660 quandoin

110 1687 386 1748 Tiressaionicensium
399 1683 584 1756 grauissimum
596 1681 694 1745 scelus,
708 1678 750 1733 cui
759 1677 825 1748 jam,
840 1675 899 1745 epi·

108 1781 198 1851 scopis
212 1775 447 1838 intercedentibus,
463 1773 619 1842 promiserat
639 1767 840 1839 indulgentiam,
857 1773 899 1819 tu·

109 1872 195 1928 multu
210 1867 393 1942 quorumdum,
405 1865 450 1936 qui
458 1865 482 1920 ei
494 1860 676 1928 cobaerebant,
685 1858 900 1914 vindicarecom·

111 1963 202 2035 pulsus
221 1968 272 2026 est,
292 1967 320 2014 et
339 1954 517 2013 ecclesiastice
538 1953 669 2008 coercitus
690 1948 841 2018 disciplina,
860 1946 900 2001 sic

109 2053 164 2123 egit
183 2048 376 2122 paenitentiam,
394 2055 424 2100 ut
442 2042 638 2114 imperatoriam
652 2039 835 2096 celsitudinem
850 2049 900 2108 pro

110 2145 157 2200 illo
169 2142 283 2213 populus
295 2152 377 2195 orans
398 2136 482 2208 magis
501 2135 577 2191 deret
598 2132 714 2188 videndo
728 2138 898 2202 prostratum,

109 2249 189 2304 quam
204 2230 338 2304 peccando
353 2229 456 2286 timeret
472 2226 581 2282 iratami
592 2224 710 2281 limcille
722 2238 823 2289 secum,
838 2229 865 2277 et
875 2220 900 2276 si

109 2339 161 2394 qua
182 2322 289 2388 similia,
313 2334 372 2391 qute
393 2330 604 2374 commemorare
628 2315 734 2385 longum
757 2321 808 2379 est,
829 2311 899 2367 bona

108 2429 191 2485 opero
206 2413 276 2477 tulit,
298 2426 331 2466 ex
353 2410 405 2465 isto
427 2407 565 2478 temporali
580 2420 677 2476 tepore
689 2403 829 2473 cuiuslibet
842 2402 901 2458 cul·

108 2503 190 2560 ndnis
202 2510 230 2558 et
242 2499 413 2557 subilmitatis
427 2497 564 2563 humanam
579 2510 691 2567 quorum
704 2509 815 2565 operum
829 2508 899 2548 mer·

107 2608 155 2650 ces
166 2602 209 2650 est
221 2601 321 2648 aterno
335 2588 457 2654 felicitas,
472 2588 549 2658 cujtrs
568 2586 645 2643 dator
664 2594 705 2641 est
724 2586 794 2641 licus
813 2585 898 2641 solis¹

107 2683 240 2742 rcrsciter
251 2682 312 2754 piis.
327 2680 428 2737 Caetera
441 2694 507 2738 vcro
520 2679 581 2733 vitu
594 2677 673 2746 brtjus
685 2677 726 2732 tel
739 2675 842 2747 fastigia
857 2677 898 2732 rei

108 2774 238 2841 subsidia,
250 2773 319 2830 sicut
328 2771 414 2844 ipsum
430 2769 570 2836 mundum,
583 2770 683 2836 lucem,
695 2782 785 2835 usurus,
801 2777 897 2836 terras,

107 2881 201 2938 aquas,
224 2864 334 2930 fructus,
351 2863 487 2934 ipsiusque
507 2861 625 2917 bortrinis
644 2861 771 2928 ιιιὶιιιιιι,
790 2875 896 2931 corpus,

108 2973 214 3025 sensus,
237 2965 365 3022 mentem,
380 2956 472 3021 vitani,
488 2955 566 3010 bouis
579 2953 710 3024 malisque
723 2952 832 3023 largitur
846 2971 854 3006 ι
869 2953 898 3007 iu

108 3047 206 3121 quibus
219 3056 261 3104 cst
271 3047 350 3102 etiam
366 3045 491 3117 quenlibet
506 3044 609 3114 imperii
634 3042 796 3113 magnitudo,
817 3057 898 3114 quum

107 3154 157 3213 pro
168 3149 317 3212 temporum
332 3138 523 3209 gubernatione
536 3134 700 3206 dispensat&

142 3231 171 3289 2.
186 3261 219 3273 -
231 3228 377 3305 [tutti]
408 3229 522 3285 Proinde
540 3229 595 3299 jam
612 3228 694 3284 etium
716 3225 767 3282 iilis
784 3240 897 3298 respon-

138 3344 148 3378 ι
164 3343 203 3393 sic
212 3349 265 3392 uss.
278 3348 306 3392 tt
316 3340 383 3400 editt,
396 3337 447 3391 sed.

137 3405 149 3438 ¹
163 3402 273 3454 nonnulli
281 3411 344 3464 tiss,
355 3401 426 3452 scius.

138 3466 150 3500 ⁸
164 3465 206 3515 liic
216 3465 279 3528 apud
291 3474 340 3512 ιιι.
353 3469 389 3512 ιι.
403 3470 430 3513 et
439 3469 493 3512 tur.
511 3461 600 3511 lactum
616 3466 655 3518 est
666 3465 737 3529 caput
754 3460 898 3521 vigesimum

106 3527 236 3591 septimum
248 3534 275 3576 ιι
293 3524 378 3576 titulus
396 3526 443 3574 iste
461 3523 572 3574 additus:
587 3532 676 3591 comeo
690 3519 782 3572 umidos
798 3519 898 3571 desectio

106 3587 240 3652 augasma,
250 3586 290 3698 qm
301 3587 448 3649 scripserunt
459 3593 542 3635 corruo
552 3584 627 3656 editos
638 3582 694 3646 jum
708 3582 790 3634 libres.
808 3582 854 3631 sed
872 3582 897 3632 id

106 3656 226 3707 tenuium
242 3661 297 3698 sne
313 3649 456 3697 auctoritate
471 3652 694 3709 manuscriptorum,
712 3652 739 3695 et
755 3642 897 3708 refragante

106 3711 242 3774 emiquloee
255 3710 362 3760 editione
372 3707 544 3758 vindelinimn.

951 1582 1022 1653 quod
1036 1582 1091 1652 jnm
1106 1582 1271 1653 scripserint,
1286 1580 1334 1637 sed
1349 1590 1453 1651 tempus
1465 1589 1595 1650 quaerant,
1608 1593 1661 1649 quo
1678 1577 1739 1637 sios
1754 1648 1756 1653 Ι

951 1673 1071 1744 periculo
1093 1673 1196 1744 possint
1214 1672 1305 1727 edere.
1326 1672 1398 1740 Qttos
1420 1670 1561 1738 admoneo,
1579 1688 1632 1727 non
1647 1681 1740 1741 optent

951 1764 1021 1835 quod
1035 1765 1076 1821 eis
1088 1779 1141 1820 non
1153 1765 1270 1835 expedit.
1281 1762 1370 1818 Facile
1383 1773 1426 1818 est
1437 1764 1508 1819 enim
1520 1763 1643 1834 cuiquam
1654 1761 1739 1821 videt

951 1855 1133 1926 respondisse,
1147 1857 1192 1926 qui
1206 1865 1295 1911 tacem
1306 1855 1431 1910 noluerit.
1446 1855 1499 1909 Aut
1511 1854 1574 1925 quid
1586 1862 1628 1910 est
1644 1854 1740 1927 ioqos·

951 1949 1008 2002 cius
1017 1946 1150 2002 nouitate?
1160 1961 1220 2017 qum
1230 1961 1283 2000 non
1298 1944 1359 2000 ideo
1373 1953 1461 2014 potest
1467 1943 1537 2015 quud
1548 1944 1655 2010 ueritas,
1664 1946 1739 2015 quin,

951 2039 974 2095 si
988 2037 1113 2104 voluerit,
1129 2037 1209 2094 etiam
1223 2037 1282 2108 plus
1296 2046 1383 2107 potest
1395 2037 1512 2092 clamare
1531 2052 1610 2106 quam
1629 2036 1740 2093 veritos.

951 2131 1003 2188 Sed
1018 2131 1188 2187 considerent
1197 2131 1285 2186 omnia
1296 2130 1452 2199 diligenter:
1463 2129 1522 2184 etsi
1533 2128 1612 2197 iurte,
1623 2129 1681 2185 sine
1688 2138 1740 2185 ιιι·

950 2224 995 2281 dio
1016 2224 1128 2295 partium
1141 2223 1303 2293 judicantes,
1319 2224 1381 2278 talia
1396 2238 1455 2280 esse
1469 2227 1664 2294 perspexerim,
1679 2238 1740 2295 quts

951 2320 1038 2391 potius
1053 2318 1180 2389 exagitari
1194 2333 1273 2388 quum
1287 2317 1402 2372 conuelli
1415 2318 1518 2388 possint
1529 2317 1683 2388 garrulitate
1694 2317 1737 2373 im

950 2412 1141 2484 pudentissimo
1158 2421 1185 2466 et
1199 2410 1275 2482 quusi
1297 2410 1405 2466 satirica
1426 2409 1470 2465 vel
1493 2409 1598 2465 mimica
1619 2409 1738 2478 levitate,

950 2504 1093 2563 cohibeant
1106 2518 1168 2559 suas
1179 2518 1280 2574 nugas;
1295 2512 1323 2559 et
1335 2502 1422 2574 potius
1433 2517 1449 2557 ι
1459 2500 1633 2573 prudentibus
1644 2515 1745 2557 ιιιιι·

950 2595 1018 2663 dari,
1030 2610 1109 2665 quam
1122 2593 1223 2649 laudati
1234 2593 1267 2649 ab
1284 2592 1496 2664 imprudentibus
1512 2592 1620 2662 eligant.
1635 2591 1702 2648 uam
1715 2590 1740 2649 si

950 2703 1004 2743 non
1019 2686 1052 2742 ad
1063 2687 1210 2742 libertatem
1224 2699 1286 2741 vera
1301 2684 1417 2751 dicendi,
1433 2684 1481 2741 sed
1491 2684 1525 2739 nd
1540 2683 1672 2740 licentiam
1686 2697 1753 2739 ιιι·

949 2779 1078 2836 indicendi
1094 2787 1198 2850 tempus
1209 2787 1375 2849 exspectant,
1387 2777 1456 2834 absit
1466 2787 1495 2832 ut
1505 2778 1545 2833 eis
1555 2775 1740 2848 etenimquod

950 2868 1733 2942 aitTulliusdequodam,quipeccandilieentialelisoppei·

950 2961 1097 3018 iubatur10
1107 2962 1289 3026 miserum‚cui
1300 2960 1557 3036 pecmrelieebatp)
1567 2963 1574 3018 i
1584 2961 1740 3034 Undequis·

949 3054 1008 3124 quis
1014 3064 1062 3120 est,
1070 3054 1114 3124 qui
1124 3052 1295 3108 trralcdiceudi
1304 3053 1409 3108 licentia
1415 3052 1517 3108 inlicem
1524 3069 1554 3108 se
1561 3061 1645 3124 putat,
1653 3053 1738 3110 multo

949 3143 1504 3208 eritfelicior,silmcilliomuiuonortliceat
1514 3162 1521 3198 :
1532 3158 1592 3200 curn
1601 3145 1684 3215 possit
1693 3143 1739 3203 ds·

949 3233 1034 3303 posita
1048 3232 1173 3287 inanitate
1183 3233 1402 3300 iactentiaeetiam
1412 3233 1462 3288 istu
1472 3242 1601 3304 tempore,
1610 3245 1736 3306 tanquam

949 3324 1037 3387 stutbo
1056 3323 1226 3389 consulendi,
1240 3322 1366 3394 quidquid
1380 3323 1509 3389 voluerit,
1530 3323 1737 3390 conuadicerot

949 3417 1252 3488 etquantumpossunt¹,
1262 3414 1424 3486 abeis‚quos
1431 3413 1545 3470 consulit
1554 3415 1638 3471 amica
1646 3414 1739 3486 dispo·

950 3509 1058 3574 tutione,
1068 3509 1322 3579 tronestegrmtter,
1334 3507 1491 3579 libet-equod
1501 3518 1604 3578 oportet
1612 3509 1717 3569 audire.

980 3601 989 3633 ¹
1005 3600 1074 3660 editi,
1091 3598 1171 3660 possit.
1192 3600 1278 3649 verius
1291 3605 1356 3659 uss,
1377 3604 1474 3664 possum
1487 3609 1552 3650 :eos
1567 3597 1679 3663 intellige
1693 3598 1740 3665 qni

947 3663 1104 3713 consuluntur
1114 3660 1222 3711 emicad'
1253 3663 1370 3711 ututioue.

980 3723 1229 3787 (utsimilequidpiam
1250 3720 1737 3786 eciuuelntttsc.ouaest.lib.ii,ctp.id.

601 3903 842 4013 LIBER
877 3898 1200 4010 SEXTUS.

107 4073 228 4124 Μιιιιι
236 4079 321 4124 ιιιιιι
332 4085 376 4122 eos
386 4085 427 4135 qm
439 4077 538 4144 propter
548 4069 611 4119 bane
621 4065 781 4179 temflotalem
798 4067 871 4116 uitam
887 4064 1003 4116 colendos
1019 4063 1080 4115 deos
1097 4071 1182 4127 potunt
1193 4079 1199 4115 :
1211 4078 1276 4117 nune
1291 4073 1374 4117 autem
1391 4079 1509 4118 adversus
1528 4080 1573 4118 eos
1588 4081 1631 4131 qur
1645 4069 1739 4121 mltum

137 4134 197 4197 ipsis
205 4135 309 4185 aedunt
318 4141 417 4198 propter
428 4141 501 4183 uttam
512 4139 628 4182 aeternam
641 4142 671 4179 ex

690 4128 806 4178 ibendum
817 4141 824 4176 τ
836 4139 898 4189 quos
916 4127 1062 4189 augustinus
1078 4126 1146 4176 libris
1156 4128 1265 4191 quinque
1274 4130 1435 4191 sequentibus
1449 4129 1621 4191 ouniiuamrus,
1632 4131 1741 4185 emme

136 4195 177 4245 ido
187 4197 212 4248 io
223 4195 307 4258 primis
316 4196 454 4257 opinionem
463 4194 496 4243 de
513 4192 559 4242 diis
569 4205 642 4255 quom
658 4191 777 4253 abiectam
788 4189 903 4239 numeris
918 4189 1024 4250 ipsemet
1035 4195 1106 4238 varro
1116 4188 1247 4252 tbeolugiae
1258 4189 1359 4252 gentilis
1368 4191 1415 4240 scri
1457 4204 1470 4239 r
1482 4192 1738 4245 commendatissimas.

136 4255 213 4307 silem
223 4256 352 4321 theologie
363 4257 432 4307 istius
443 4267 536 4318 genera
546 4253 679 4304 secundum
690 4250 804 4302 eundem
816 4251 870 4310 tria,
880 4250 1025 4309 fabulosum,
1037 4249 1150 4301 nmurale
1167 4257 1194 4302 et
1202 4248 1274 4301 clude
1285 4265 1291 4301 :
1303 4264 1331 4302 ac
1341 4263 1397 4302 mox
1426 4265 1441 4301 c
1460 4251 1570 4304 fabuloso
1580 4261 1608 4306 et
1621 4255 1655 4306 de
1672 4254 1739 4308 dvii

115 4372 119 4379 ,
135 4316 296 4381 ιιιιοιιιιιι,
307 4317 368 4369 nibil
379 4317 432 4368 bace
440 4329 536 4382 genere
548 4315 578 4366 ad
590 4315 678 4365 iuturae
688 4313 746 4364 ιιι.
756 4312 896 4362 lelicitetenr
905 4312 1026 4362 conterre.

819 4415 1031 4472 &illim

405 4511 599 4569 utensile.

140 4603 264 4677 Quinque
273 4603 455 4676 superioribus
466 4604 542 4660 libris
556 4603 622 4660 satis
631 4602 696 4659 urbi
708 4602 836 4661 adversus
846 4620 895 4663 eos

20 4716 23 4723 ·
106 4696 199 4753 videor
221 4695 446 4767 disputasse,qui
469 4694 646 4751 multosdcos
667 4704 695 4750 et
718 4693 894 4768 ialsos‚quos

105 4802 166 4845 osse
176 4788 281 4845 inutilia
292 4786 444 4856 simulacra,
457 4786 501 4843 vel
513 4785 665 4842 immundos
675 4786 784 4859 spiritus
793 4796 821 4842 et
833 4801 895 4858 per·

107 4878 204 4936 oidosa
215 4879 357 4945 demonis,
370 4879 412 4934 uel
421 4885 495 4934 cerie
506 4886 653 4946 creaturas,
664 4894 718 4935 non
727 4877 892 4947 Creatorem,

106 4970 204 5026 teritos
216 4969 362 5026 christiana
375 4969 519 5038 convincit,
533 4978 642 5041 propter
651 4969 712 5026 uitae
725 4970 805 5040 buius
819 4986 894 5028 nior·

105 5060 165 5117 tulis
179 5073 324 5131 rerumque
338 5068 502 5116 terrenarum
515 5061 668 5128 utilitatem,
680 5075 714 5117 eo
724 5062 778 5118 ritu
792 5077 824 5119 ac
837 5076 894 5119 ser·

105 5152 197 5220 utute,
212 5168 273 5224 ιιι
283 5167 370 5224 grteee
384 5161 479 5226 ιατριιι
490 5153 599 5222 dicitur,
610 5162 638 5209 et
647 5155 691 5209 uni
701 5168 766 5211 vero
781 5154 836 5212 ileo
847 5155 896 5211 do·

105 5244 193 5312 betur,
208 5244 376 5302 venerandos
388 5255 415 5301 et
428 5246 556 5303 colendos
567 5253 672 5318 putent.
684 5246 721 5303 Et
732 5247 822 5305 nimiae
832 5248 894 5320 qui·

948 4521 1041 4570 contra
1051 4527 1157 4568 omnem
1170 4512 1288 4570 curantis
1300 4513 1468 4581 industriam,
1479 4530 1533 4571 non
1546 4516 1735 4589 mulomedici,

948 4605 995 4664 sed
1009 4605 1103 4679 egroti
1116 4606 1288 4676 insanabilis,
1303 4608 1414 4665 morbus
1427 4609 1541 4665 inuictus
1552 4619 1603 4665 est.
1623 4611 1655 4665 ili
1670 4625 1738 4668 vero

948 4698 1035 4771 quiea
1046 4714 1106 4771 qun
1118 4699 1217 4772 legunt,
1234 4700 1274 4757 sel
1290 4701 1349 4757 sine
1363 4701 1415 4757 ulia
1426 4741 1434 4767 ,
1444 4703 1486 4758 vel
1500 4719 1552 4757 nen
1568 4693 1629 4758 curn
1642 4718 1738 4774 magns

947 4806 981 4848 ac
1003 4792 1085 4847 nimia
1103 4793 1202 4850 veteris
1223 4793 1323 4849 erroris
1344 4792 1539 4862 obstinatione,
1554 4794 1685 4852 intellecta
1707 4802 1738 4853 et

949 4884 1114 4940 considerata
1138 4884 1325 4956 perpendunt,
1349 4883 1455 4941 facilius
1476 4901 1528 4941 nos
1550 4887 1602 4942 isto
1626 4902 1738 4945 numero

949 4978 1151 5033 terminatorum
1169 4978 1285 5050 quinque
1297 4977 1462 5033 voluminum
1476 4978 1553 5048 plus,
1564 4994 1645 5049 qnam
1660 4995 1737 5052 qom-

947 5068 1043 5123 stlunis
1066 5067 1149 5138 ipsius
1176 5068 1321 5124 necessitas
1353 5067 1521 5137 postulabat,
1553 5068 1736 5140 satisfecisse,

948 5173 1028 5230 quam
1046 5159 1135 5214 minus
1147 5157 1306 5215 disseruisse
1324 5158 1495 5228 judicabunt:
1512 5168 1647 5232 totamque
1666 5162 1736 5218 inei·

950 5249 1031 5315 diam,
1045 5265 1123 5320 quam
1138 5249 1290 5305 christianae
1302 5248 1424 5319 religioni
1439 5250 1473 5306 do
1486 5249 1566 5321 bujus
1576 5254 1637 5308 ulte
1650 5253 1735 5313 uuit-

104 5337 164 5392 dem
176 5335 300 5392 stultitiae
312 5337 355 5392 sel
370 5337 532 5406 perurente,
546 5353 597 5394 nec
613 5338 681 5395 istos
692 5338 828 5411 quinque,
843 5355 894 5396 nee
948 5340 1000 5396 bus
1013 5349 1231 5409 terrenarumque
1245 5340 1404 5396 contritione
1427 5356 1459 5398 nc
1480 5345 1626 5401 mutatione
1645 5359 1735 5402 ιιιιιι

105 5427 173 5484 ullos
195 5427 264 5484 alios
285 5428 492 5499 quanticumque
512 5428 617 5486 numeri
638 5429 723 5486 libros
744 5430 810 5486 satis
833 5444 895 5488 esse
948 5430 1065 5501 imperiti
1078 5431 1381 5498 iacereconnntur,non
1394 5433 1480 5490 solum
1496 5434 1735 5502 dissimulantibus,

106 5532 194 5585 passe,
207 5517 269 5589 quis
281 5516 519 5588 nesciatiquando
532 5533 563 5574 ιι
577 5519 778 5591 putaturgloria
790 5520 894 5576 vanita-
949 5521 996 5576 scd
1009 5529 1101 5576 contra
1114 5534 1189 5575 ιιιιι
1203 5522 1395 5577 conscientiam
1412 5523 1561 5581 laventibus
1581 5526 1661 5582 ctiam
1682 5524 1733 5582 do·

106 5614 147 5677 tis,
164 5612 244 5668 nullis
256 5612 354 5669 cedere
366 5612 466 5668 uiribus
477 5612 616 5680 ιιιίιιιὶι;
637 5614 664 5669 in
679 5613 826 5686 perniciem
839 5614 893 5672 uti·
948 5612 1009 5677 ctis,
1022 5626 1089 5683 quos
1102 5610 1224 5682 impietas
1236 5627 1332 5669 resana
1348 5615 1477 5685 possedit,
1488 5617 1596 5672 omnino
1605 5618 1734 5673 esselnn·

105 5718 156 5769 qun
170 5704 238 5773 ejus,
253 5704 294 5760 cui
311 5704 404 5761 uitium
420 5714 472 5761 tam
487 5704 603 5763 immane
612 5703 774 5764 dominatur.
789 5704 857 5768 Nem
866 5714 895 5764 et
949 5719 1010 5764 nem
1024 5713 1104 5762 recta
1116 5704 1285 5777 cogitationis
1297 5715 1378 5780 utque
1387 5708 1509 5774 rationis,
1523 5709 1682 5782 plenamque
1697 5712 1734 5771 lc·
